2872 4942
234 350 306 423 634
520 445 526 459 .
688 374 858 415 necantur.

232 540 301 608 quod
335 538 401 589 alter
432 546 508 604 poeta
543 538 634 587 luisset
662 537 766 587 nornine
792 536 919 589 Pleoeuns.
949 538 1022 587 euius
1049 536 1161 587 tabulas
1196 542 1318 603 pesteris

233 626 323 679 l'lauto
341 626 483 692 inscripsit,
502 624 610 690 decepta
629 625 761 675 vicinitate
782 626 891 675 nominis
910 624 1032 691 quodque
1052 624 1144 675 Plauti
1168 630 1270 693 esset]
1290 642 1334 691 p.

234 722 308 763 taret.
342 712 471 763 Alterum.
497 711 566 777 quod
585 710 688 761 l'lautus
706 714 864 761 retractarit.
888 714 1018 777 purgarit.
1043 710 1167 761 elimarit
1192 712 1322 763 cemoedu

235 798 345 861 multas,
375 814 442 865 quae
468 814 482 848 a
512 800 639 865 prioribus
667 800 723 847 sine
750 798 840 865 lepore
857 802 967 864 scriptae
987 798 1165 849 laberentur.
1203 800 1325 867 posidet

235 889 344 954 posteris
366 886 506 937 credituru.
528 900 618 935 ourues
635 886 716 935 l‘laoti
737 902 813 947 esse,
832 902 899 952 qnae
918 886 950 935 ad
970 886 1082 935 laertius
1102 886 1252 938 Plautinas
1269 902 1326 953 sape·

234 983 291 1025 rent
319 984 362 1023 aut
393 973 497 1025 l'laueio
526 974 630 1023 inscribi
657 974 789 1023 ‹leberent
837 975 916 1023 t'nno
944 984 1028 1023 autern
1049 974 1212 1026 litterarum
1235 978 1325 1027 (usin

234 1062 452 1128 mannarornque
474 1078 558 1111 serrum
589 1062 758 1127 peritissimus
777 1078 808 1111 ex
830 1061 948 1111 tinnitibus
966 1077 1042 1111 uuam
1063 1072 1093 1113 et
1115 1066 1223 1129 uiginti
1241 1064 1324 1131 delegi.

233 1166 300 1218 quae
324 1150 449 1199 dubiosae
467 1148 530 1198 nulli
551 1158 655 1209 essent,
681 1148 727 1199 sed
754 1148 843 1199 l'lauto
863 1164 990 1199 consensu
1007 1152 1131 1199 omnium
1154 1154 1325 1201 coner-nime

233 1239 297 1289 alias
323 1240 382 1285 itcnr
411 1233 566 1285 nonnullas.
599 1250 668 1302 «puae
693 1244 737 1287 eut
754 1238 811 1286 sine
830 1245 901 1286 certo
919 1235 1016 1285 autoris
1036 1238 1158 1287 nomine
1177 1248 1324 1305 vagarentur.

232 1333 277 1375 aut
300 1322 367 1374 lalso
390 1338 404 1371 a
425 1322 576 1389 quibusdam
604 1332 808 1388 occuparentur,
837 1323 927 1373 l'lanto
953 1321 1034 1372 veluti
1061 1338 1166 1375 earum
1199 1330 1323 1377 unm

234 1413 352 1477 scriptori
378 1418 403 1461 et
421 1410 525 1459 donnino
552 1410 707 1471 rendit-urit,
724 1410 847 1459 adductus
866 1410 926 1461 stilo
944 1418 969 1459 et
989 1410 1088 1461 lutetia
1103 1416 1263 1467 sermonis.
1283 1414 1345 1481 eris

235 1499 284 1549 bus
301 1498 417 1549 l'lautunr
439 1514 531 1563 sapere
551 1497 639 1563 procul
660 1496 738 1546 dubio
756 1498 911 1547 riderentur.
948 1496 1001 1547 llae
1020 1498 1252 1559 varronianae-⁵)
1266 1516 1322 1551 ratt-

235 1595 278 1636 tae
297 1594 373 1649 sunt,
400 1585 468 1651 iprod
488 1586 569 1634 Varro
594 1600 638 1633 eas
655 1584 797 1650 delegisset
817 1584 934 1651 nihilque
950 1600 1001 1635 non
1024 1583 1116 1635 l'lauti
1139 1588 1248 1639 haber·-
1263 1590 1320 1638 siris·

237 1680 284 1725 set.
322 1672 465 1723 llacrobius
487 1674 582 1733 etiarn,
600 1674 715 1737 :percurris
733 1674 831 1733 iunior,
848 1672 939 1723 ductus
956 1680 1040 1721 tamen
1060 1682 1090 1723 et
1112 1691 1171 1725 uon
1198 1674 1316 1745 negligenti

240 1760 327 1813 indicii
345 1762 399 1821 rir,
430 1762 454 1809 in
473 1758 649 1813 Saturnalibus
672 1762 755 1826 inquit
774 1761 920 1810 ennnoedias
940 1759 1038 1817 l'lanti.
1070 1778 1150 1828 quiae
1170 1767 1276 1815 ieceras
1286 1762 1314 1811 lr-

235 1848 374 1909 rebantur,
400 1864 433 1897 co
461 1852 595 1913 insinuat)
624 1849 742 1913 cognitus
770 1849 803 1897 de
830 1851 903 1915 eopia
924 1850 1038 1898 iocoruru
1059 1866 1137 1901 esse.
1175 1852 1316 1904 ineuntur

238 1934 328 1985 Plauto
347 1936 395 1983 ista
413 1935 438 1983 in
458 1950 486 1983 re
506 1933 592 1999 liquor
612 1935 713 2000 quidam
733 1937 907 2001 praecipuus,
928 1936 1045 1997 laeetus,
1062 1941 1183 2003 suanis,
1203 1950 1277 2008 atque
1290 1952 1323 1987 tu-

238 2020 331 2071 rnoedo
359 2023 449 2087 ceneri
489 2022 621 2087 aptissima
648 2020 735 2071 dictio.
771 2022 935 2089 quamobrem
962 2025 1096 2073 sententia
1126 2028 1257 2077 Varronis
1282 2026 1328 2093 trit,

236 2110 322 2161 llusas
349 2109 453 2161 Castalii
474 2109 551 2159 tontis
574 2108 723 2175 loquuturus
744 2110 800 2161 lore
818 2110 934 2161 Plautino
952 2126 1095 2175 sernuone,
1124 2117 1149 2165 si
1169 2114 1244 2183 loqui
1262 2115 1326 2165 latiae

238 2196 388 2247 voluissent.
420 2205 447 2246 ct
473 2198 540 2262 apud
568 2196 719 2248 Ciceronem
745 2206 841 2249 tautum
869 2198 951 2249 laudis
979 2208 1123 2251 assecutus
1147 2212 1207 2257 est.
1225 2212 1251 2253 ut
1268 2202 1326 2251 dieat
1372 2208 1377 2227 ¹

237 2284 384 2335 comoedias
410 2286 466 2335 eius
486 2286 551 2335 iocis
567 2284 675 2350 plenas,
705 2300 756 2335 non
777 2285 879 2352 quidem
898 2285 937 2334 bis
955 2286 997 2352 qui
1020 2284 1160 2353 obsceni,
1186 2288 1331 2359 petulantes,

236 2370 357 2438 ttsgttiosi
375 2372 435 2434 sint,
452 2387 542 2422 verrini
564 2373 667 2435 urbani,
687 2374 833 2439 ingeniosi,
852 2374 939 2425 laceti.
976 2372 1043 2435 Quid
1071 2384 1169 2429 autern
1187 2378 1259 2427 dese
1276 2377 1328 2442 ipse

238 2459 364 2509 iudicaret
383 2457 503 2521 Plautus,
522 2458 598 2509 docet
618 2462 774 2525 epieranuuu
792 2476 883 2523 sutum,
911 2460 978 2527 anod
999 2474 1013 2509 a
1032 2478 1063 2510 se
1085 2462 1192 2517 facturn
1210 2462 1329 2541 cplittum-

238 2562 289 2613 quc
306 2546 444 2613 sepulchro
462 2562 510 2597 suo
530 2546 691 2597 incidendum
713 2548 794 2597 Varro
812 2549 908 2598 scribit.
931 2548 958 2598 nt
978 2556 1029 2597 est:
1052 2550 1203 2621 Postquam
1213 2560 1329 2605 estmorte

243 2640 333 2698 captus
345 2633 479 2696 elluinus,
497 2633 629 2683 comoedia
652 2634 730 2701 luget,
751 2636 833 2685 Secna
854 2644 892 2684 est
911 2635 1020 2687 deserta.
1048 2636 1155 2690 deinde
1175 2644 1250 2703 risus,
1265 2638 1328 2690 ludus

243 2734 368 2787 ructusque
403 2720 434 2770 Et
461 2723 559 2771 numeri
581 2722 706 2771 innuiucri
734 2722 808 2771 simul
833 2738 921 2772 annues
951 2722 1179 2779 collacrinnarunt.
1229 2732 1329 2796 Denique

240 2809 397 2874 perquirenti
416 2808 477 2857 milii
496 2810 610 2873 saepius,
628 2825 672 2858 cnr
689 2810 745 2858 sine
764 2818 834 2859 certo
853 2812 948 2859 autoris
970 2812 1074 2861 nomine
1097 2818 1258 2869 currnoediae
1274 2816 1330 2868 ullae

240 2904 415 2961 uagarentur,
435 2898 495 2945 satis
513 2894 618 2944 unultunr
639 2912 725 2961 parurn
745 2896 856 2959 faciunt,
877 2899 919 2963 qui
938 2897 1051 2947 arbitrati
1073 2912 1142 2953 sunt
1162 2906 1277 2957 Plautum
1293 2920 1328 2955 so·

245 2982 316 3033 liturn
337 2983 502 3045 comoedias,
523 3000 585 3050 quas
606 2985 747 3047 scriberet,
779 2987 836 3033 siue
854 2986 956 3035 nourine
974 2986 999 3033 in
1020 2986 1164 3050 pirblicuin
1185 2994 1275 3045 edere.
1292 2992 1327 3042 bac

241 3069 344 3119 duetnnr
371 3086 433 3136 spe,
461 3070 528 3137 quod
553 3070 683 3137 elegantia
713 3072 837 3138 singulari
861 3080 886 3123 et
915 3074 1014 3122 facetiis
1037 3089 1270 3141 cognoscerentur
1281 3092 1322 3129 sna.

245 3158 339 3205 l'erius
367 3157 484 3207 nonnulli
506 3166 596 3224 putant
627 3158 676 3208 hoe
696 3159 728 3209 ab
756 3174 788 3209 eo
807 3175 854 3225 pro
875 3158 999 3209 modestia
1017 3162 1134 3226 quadam
1158 3178 1186 3218 et
1208 3165 1320 3220 buuiliute
1384 3164 1390 3181 '

243 3244 354 3305 lactum,
374 3246 441 3311 quod
460 3248 650 3313 inscriptionem
670 3247 728 3313 plus
747 3248 925 3297 ostentationis
948 3264 1022 3316 quani
1043 3247 1135 3304 laudis
1159 3264 1275 3309 censeret
1286 3253 1324 3303 lu·

243 3330 315 3381 bero.
337 3331 440 3397 placent
451 3337 542 3401 magis,
559 3337 602 3402 qui
620 3337 716 3401 opinati
730 3344 788 3385 sunt
806 3352 850 3386 eas
860 3336 1005 3387 comoedias
1025 3345 1087 3386 tunc
1107 3343 1175 3394 sine
1194 3350 1331 3397 eertoanto·

243 3420 278 3469 ris
296 3422 400 3470 nornine
418 3423 525 3487 rugari,
544 3438 650 3489 quarum
671 3422 773 3474 Plautus
793 3424 920 3491 expolitos
939 3425 1024 3487 modo,
1042 3441 1096 3476 non
1118 3431 1251 3484 inventor
1269 3436 1332 3487 esset,

244 3509 311 3574 quod
339 3508 388 3559 sibi
413 3524 464 3558 non
483 3518 619 3575 usurparet
637 3526 700 3577 anas
721 3527 771 3562 nnn
793 3498 916 3573 lecisset,
941 3528 989 3562 nee
1007 3515 1091 3563 autori
1114 3521 1267 3572 ascriberet
1278 3515 1334 3586 qnod

243 3596 329 3645 ieiune
351 3597 504 3663 scripsisset.
530 3597 617 3663 ltaque
643 3598 774 3649 aduoluis
793 3601 923 3649 autoribus
943 3600 1024 3650 editas
1041 3607 1170 3658 neutrius
1190 3626 1281 3661 nomen
1297 3609 1335 3659 bu·

246 3683 342 3746 boisse,
360 3682 428 3751 quod
447 3682 589 3734 inscribere
609 3700 694 3752 neque
707 3685 780 3737 alteri
800 3686 914 3752 placeret
934 3703 1018 3754 neque
1041 3692 1154 3758 utrique
1170 3695 1271 3749 liceret.
1288 3710 1335 3746 nan

153 3780 158 3793 '
248 3777 297 3826 etsi
317 3784 424 3845 uterque
443 3779 590 3843 ingenium,
608 3794 725 3840 nranuru,
745 3779 853 3829 studium
874 3782 1017 3846 posuisset,
1035 3797 1115 3833 nenio
1139 3797 1232 3843 tamen
1253 3784 1338 3844 autori]
1397 3824 1400 3831 .

243 3863 362 3928 proprius
383 3879 414 3913 ao
432 3879 509 3913 verus
528 3873 605 3914 essct.
643 3868 732 3915 vnon
753 3869 856 3929 verius,
877 3869 1000 3916 incertum
1020 3867 1116 3919 liabeo.
1177 3876 1334 3945 l‘lauroquea‘)

245 3950 316 3999 iocos
335 3949 390 3998 eius
412 3958 438 3999 et
449 3950 555 4000 lucetius
573 3960 699 4017 saperent.
737 3952 796 4002 l'ars
815 3953 987 4014 dissentirent,
1008 3954 1076 4019 quod
1092 3962 1144 4008 etsi
1158 3963 1332 4016 l‘lautiliabere

249 4037 385 4103 quicquam
404 4039 502 4102 saporis
520 4038 683 4102 viderentur,
714 4042 785 4090 iocos
814 4049 898 4090 tannen
918 4041 1046 4092 Plautinos
1065 4053 1093 4094 et
1114 4047 1235 4104 t'ncetias
1256 4057 1333 4116 integro

247 4181 533 4192 -.-..-.------.

302 4283 330 4345 5)
350 4290 433 4330 esseut
451 4281 512 4333 Cod.
660 4285 689 4352 ti)
712 4286 779 4334 llcce
798 4304 904 4336 rountue
923 4287 982 4336 Coti.
1133 4293 1163 4359 7)
1185 4309 1270 4349 onon-10
1291 4296 1345 4349 Cod.

305 4366 332 4423 8)
353 4378 441 4420 crantore
461 4372 523 4421 Cnd,
660 4371 687 4429 sl}
707 4371 842 4424 Ollculuuc
856 4374 941 4424 lniiclno
961 4375 1022 4424 oder
1041 4378 1225 4458 Versetznug.
