2872 4942
159 390 233 463 410
567 407 623 449 vu.
646 406 689 449 uu
715 404 830 449 suurn

161 583 290 651 nebus:
328 603 436 672 aquo
461 601 530 643 non
560 574 701 642 multum
727 573 848 652 differt,
882 571 975 666 quod
1001 572 1151 641 Meursio
1175 570 1233 665 pla-

164 698 232 767 cuit
257 715 291 763 et
315 698 433 772 Pareo,
454 690 662 782 Megabuzu.
713 691 857 757 Tantum
892 707 1001 757 autem
1027 704 1188 782 apparet,
1217 689 1238 753 si

84 815 87 822 ’
165 810 246 907 quid
280 808 473 876 mutandum
509 808 570 886 sit,
607 831 675 872 non
710 830 783 873 esse
808 802 1001 896 Megabyzr'
1023 803 1241 883 scribendum,

165 927 225 996 sed
248 923 481 1017 Megalobyzt'.
520 922 648 991 Versui
673 922 762 988 enim
786 946 863 989 cum
887 938 1060 989 metueret
1080 921 1242 988 Hemster-

164 1044 278 1110 husius
312 1058 345 1108 et
377 1039 420 1141 ad
453 1040 553 1106 metri
587 1037 675 1130 leges
701 1038 809 1131 aptius
838 1035 1049 1130 respondere
1075 1037 1164 1103 hanc
1188 1035 1245 1102 for-

164 1182 252 1225 mam
279 1172 447 1224 censeret:

289 1267 335 1341 N.
364 1271 434 1360 Qui
454 1272 531 1334 istic
556 1267 751 1336 Theotimus
776 1267 851 1335 est?
877 1245 915 1337 C.
940 1265 1125 1359 Megabuli
1138 1267 1245 1361 filias:

166 1411 235 1456 non
265 1385 419 1479 cogitavit
449 1382 493 1451 de
525 1381 695 1450 lenissimo
720 1383 877 1464 artificio,
912 1407 978 1477 quo
1008 1383 1066 1451 vel
1100 1405 1247 1450 caesurae

167 1503 290 1570 rectius
318 1497 522 1568 consulitur:

290 1617 336 1684 Ν.
369 1616 438 1706 Qui
463 1619 540 1680 istic
565 1616 599 1683 Τ
594 1614 798 1681 deotimust?
824 1615 863 1685 C.
884 1612 1113 1707 Megalobyzi
1131 1613 1229 1705 filius.

168 1735 254 1802 Nam
280 1755 364 1824 quos
390 1728 515 1823 reliqui
528 1724 775 1823 Μεγαβύζους,
802 1729 940 1798 eosdem
953 1733 1027 1825 ipse
1044 1732 1171 1801 Strabo
1184 1729 1249 1799 Mr-

166 1840 390 1940 γαλοβύζους
413 1847 549 1912 nomine
576 1848 720 1914 vocavit:
748 1849 807 1913 ubi
831 1872 901 1915 non
926 1866 1007 1929 erat,
1025 1874 1087 1915 cur
1104 1846 1248 1917 illudre·

168 1966 250 2058 poni
278 1963 404 2032 Cor-aes
429 1957 610 2050 Σημειώσ.
644 1989 677 2055 p.
706 1965 777 2035 289
801 1965 944 2035 iuberet.
989 1964 1181 2033 Fatendum
1201 1990 1248 2029 au·

171 2098 241 2148 tem
272 2096 361 2148 certe
400 2079 465 2147 hoc
497 2097 563 2158 est,
596 2102 664 2145 non
697 2078 787 2147 solos
821 2079 929 2148 Plauti
958 2080 1067 2149 libros
1094 2079 1246 2149 Palatinos

170 2221 247 2266 cum
281 2197 317 2261 in
353 2193 425 2263 aliis
463 2192 600 2260 Graecis
632 2213 699 2261 tum
731 2197 766 2261 in
783 2220 827 2286 y,
850 2222 871 2262 z
896 2196 1014 2266 litteris
1037 2220 1172 2267 errasse
1192 2193 1246 2263 lm·

172 2311 406 2406 quentissime,
446 2309 497 2379 Ac
532 2307 577 2376 de
597 2335 629 2400 y
654 2309 765 2380 littera
791 2336 867 2379 cum
890 2313 943 2380 rix
969 2337 1055 2405 opus
1081 2313 1125 2383 sit
1150 2335 1246 2380 erem·

172 2427 254 2522 plis:
290 2445 450 2495 testantur
476 2427 564 2493 enim
590 2426 655 2494 hoc
683 2426 876 2504 Cirrisalus,
914 2427 1020 2496 Lidu's
1055 2429 1192 2497 nomina
1219 2426 1246 2490 iu

173 2542 406 2625 Bacchidibus,
431 2540 637 2636 Argirippus
662 2545 697 2611 iu
723 2546 882 2624 Asinaria,
903 2542 1062 2637 Asgiptii
1083 2561 1157 2611 tum
1180 2539 1243 2608 alili

175 2679 246 2729 tum
270 2662 373 2730 Poen.
396 2660 437 2740 V,
464 2664 499 2742 5,
527 2662 582 2740 12,
606 2661 731 2727 xittilr's
756 2661 813 2729 vel
836 2658 956 2729 mutilis
980 2662 1017 2729 in
1037 2661 1161 2731 Pseud.
1184 2660 1241 2740 li,

80 2769 84 2774 ’
177 2777 239 2847 76:
265 2798 403 2851 zonam,
430 2775 488 2868 qui
512 2773 678 2842 Palatinos
703 2754 921 2869 scripserunt,
949 2795 1242 2845 exararuutsuuuu

176 2895 282 2960 Mers.
307 2893 349 2972 V,
374 2894 407 2968 2,
432 2888 491 2968 84,
517 2891 574 2956 ubi
599 2916 718 2957 senam
742 2893 943 2985 Lipsiensis,
978 2895 1036 2986 qui
1060 2911 1170 2961 autem
1191 2892 1239 2957 Dee

178 3023 351 3085 curtatum,
377 3004 459 3070 ibid.
476 3005 536 3086 Ill,
553 3001 586 3086 ll,
602 3007 652 3077 62
666 3009 884 3098 Zacynthum
907 3009 1042 3102 scripsit
1064 3007 1239 3100 acingrlum

176 3124 359 3216 praemissa
382 3122 539 3216 singulari
564 3143 640 3189 nota
666 3123 821 3215 quadam,
848 3151 934 3219 quae
959 3151 1026 3192 nec
1047 3125 1178 3194 litterae
1205 3115 1238 3184 ul·
1281 3186 1283 3219 i

179 3237 242 3304 lius
266 3256 398 3305 estnec
425 3240 465 3303 ab
491 3239 729 3307 haesitabundo
753 3240 894 3330 librario
917 3243 990 3333 ipso
1014 3242 1071 3308 vel
1093 3238 1236 3309 intellecta

179 3353 232 3420 vel
259 3373 348 3420 certo
372 3353 509 3421 consilio
537 3356 655 3447 posita.
679 3356 726 3422 Ita
753 3356 843 3450 apud
870 3355 1113 3441 Quintilianum
1137 3358 1170 3423 in
1186 3351 1236 3446 qui·

179 3468 320 3539 busdam
352 3469 446 3536 libris
479 3471 704 3562 mogubunum
741 3490 863 3555 exstat,
902 3473 1123 3565 negabuntur
1146 3476 1177 3540 iu
1203 3463 1235 3534 ed

180 3590 290 3683 princ.
341 3585 427 3654 Nolo
457 3591 544 3652 enim
571 3587 781 3681 corruptelae
808 3589 935 3656 sontem
963 3591 1003 3656 ab
1030 3578 1136 3684 ipsius
1160 3598 1235 3656 aetate

181 3704 289 3773 Plauti
313 3724 487 3796 repetere,
520 3731 620 3797 quem
645 3730 723 3772 sane
749 3707 926 3798 probabile
952 3724 1002 3774 est
1031 3710 1165 3775 omnino
1192 3717 1235 3766 1¹⁰⁰

182 3847 278 3888 usum
305 3848 376 3888 essc
404 3821 468 3887 illis
493 3820 619 3887 duabus
646 3820 774 3903 litteris,
802 3848 882 3915 quas
904 3849 947 3889 ne
974 3823 1103 3890 Ennius
1130 3816 1234 3916 quiden

185 3956 218 4004 et
242 3937 348 4004 Attius
373 3957 583 4029 usurparunt,
610 3938 636 4003 si
658 3963 736 4002 vcra
757 3937 970 4004 tradiderunt
994 3940 1118 4006 Cicero
1148 3931 1236 4016 ctl'lt'

184 4046 259 4147 ns*
278 4055 471 4121 Victorinus
495 4051 585 4145 apud
611 4051 856 4120 Schneider-nm
875 4054 1023 4121 Gramm.
1044 4055 1100 4121 lat.
1125 4054 1206 4121 elem.
1221 4037 1235 4115 l

185 4148 329 4259 pii-376·
373 4170 448 4237 coll.
480 4196 513 4261 p.
549 4171 605 4240 39.
658 4170 720 4249 Vt,
760 4171 786 4236 si
812 4195 880 4235 non
906 4173 1009 4262 ipsam
1037 4170 1145 4250 illam,
1178 4175 1235 4254 quat

188 4287 292 4350 Pareo
320 4288 446 4368 arrisit,
477 4285 711 4378 Megalobusi,
746 4304 839 4352 corte
867 4311 935 4353 non
960 4285 1056 4354 valde
1079 4275 1235 4355 dissimilem

189 4396 328 4466 sormam
350 4401 483 4471 Plautus
511 4429 662 4472 exarasse
689 4403 763 4495 ipsc
789 4401 950 4471 videatur.
