2872 4942
165 360 236 432 534
486 387 527 427 tx.
579 384 621 429 ue
649 383 949 448 mruurotartour¹

166 557 268 625 sitelis
296 558 399 622 oratio
427 553 664 622 concludatur:
698 555 746 621 Id
769 580 821 622 me
848 558 1105 621 commissurum
1128 573 1162 621 ut
1182 581 1228 648 po

166 678 236 739 tiar
250 673 349 766 fieri,
374 697 419 738 ne
444 675 594 737 animum
620 670 808 748 induceris,
833 697 933 763 quam
949 689 1059 737 autem
1084 675 1228 738 concinna

164 782 271 855 ultimi
298 788 364 854 duo
392 787 620 854 altercantium
646 785 910 853 adulescentium
937 811 1112 854 sermones
1137 805 1228 880 septen

162 928 281 973 norum
307 916 464 971 versuum
489 903 613 968 ambitu
640 921 877 1000 exaequentur.

285 1018 377 1088 Nihil
404 1018 469 1083 iam
495 1035 613 1092 restat,
647 1019 710 1082 nisi
737 1036 773 1084 ut
798 1015 840 1082 de
865 1016 1034 1110 scriptura
1060 1045 1171 1085 versus
1190 1017 1224 1087 67

163 1136 312 1215 dicatur,
346 1160 462 1227 parum
490 1133 546 1198 illa
572 1132 682 1199 adhuc
708 1131 875 1226 expedito.
926 1135 976 1200 Ac
1003 1136 1149 1226 primum
1172 1160 1227 1200 cuu
1263 1210 1265 1225 Ι

161 1278 227 1345 per
253 1277 288 1318 se
320 1249 403 1318 levis
437 1249 590 1316 videatur
625 1275 712 1342 quae
739 1248 782 1315 ad
808 1265 923 1315 autem
948 1250 1148 1342 particulam
1170 1276 1228 1343 spe,
1263 1244 1265 1253 ¹

163 1386 230 1434 ctat
252 1365 417 1434 librorum
444 1363 694 1457 discrepantia,
725 1383 838 1434 tameo
862 1390 932 1433 nou
960 1372 1018 1432 est'
1036 1367 1228 1434 immemora-

160 1482 239 1549 bilis
263 1502 463 1575 propterea,
497 1479 589 1574 quod
616 1498 724 1560 certa,
752 1506 858 1574 euque
886 1480 1111 1573 plurimorum
1138 1509 1227 1550 oxum·

162 1598 297 1693 plorum
321 1600 466 1664 affinium
499 1597 684 1682 communi,
718 1598 846 1663 ratione
871 1596 935 1664 huc
966 1598 1176 1678 continetur,
1202 1616 1228 1663 ut

162 1740 345 1807 perperam
366 1715 560 1780 iteratorum
578 1737 656 1778 vem
679 1713 845 1804 scriptura
864 1739 882 1779 e
900 1730 1023 1780 neutro
1044 1713 1126 1782 locu
1143 1715 1229 1807 repeti

162 1832 269 1922 possit
292 1832 432 1924 integra,
459 1828 519 1896 sed
545 1829 736 1920 promiscue
765 1854 805 1894 ex
832 1847 973 1922 utroque
995 1832 1039 1896 sit
1065 1831 1229 1898 coussanda
1263 1838 1265 1897 ζ

163 1948 247 2013 Nam
271 1945 298 2011 si
323 1971 341 2010 a
364 1945 493 2013 Vetere
522 1943 639 2010 codice
672 1945 876 2022 recesseris,
911 1946 969 2037 qui
1000 1970 1053 2009 uae
1080 1962 1189 2012 autem
1207 1961 1231 2010 et

162 2062 317 2150 proximo
345 2084 442 2127 versu
469 2058 553 2126 mihi
575 2057 675 2139 solua,
702 2059 763 2125 sed
789 2058 841 2126 vel
866 2061 893 2124 is
916 2062 1106 2150 posteriore
1128 2080 1231 2128 tantum

86 2220 95 2251 2
163 2176 186 2243 i.
214 2201 243 2241 e.
267 2200 336 2241 non
361 2198 419 2241 suo
446 2173 521 2240 loco
548 2176 702 2250 servavit,
731 2172 854 2266 reliqui
879 2174 927 2239 ibi
952 2172 1032 2240 libri
1061 2176 1229 2246 omueshis

164 2292 271 2384 posita
298 2289 460 2384 particula
493 2294 547 2355 mc'
581 2307 697 2355 autem
719 2308 769 2355 ·et
800 2290 883 2356 milti
909 2305 1025 2355 cutem
1066 2293 1230 2371 exhibeut3

166 2431 226 2472 suo
252 2425 360 2473 autem
386 2407 407 2472 i.
436 2431 463 2471 a.
489 2406 604 2496 priore
630 2403 706 2472 loco
731 2429 786 2469 mo
812 2405 954 2472 etmihi
978 2408 1051 2473 sine
1079 2406 1147 2473 ulla
1169 2431 1228 2498 par
1253 2486 1256 2491 Ι

96 2603 100 2609 ⁴
164 2521 265 2589 ticula
290 2523 330 2590 iu
351 2523 505 2589 omnihus
533 2538 658 2600 exstat,
693 2523 757 2588 nisi
784 2520 875 2613 quod
901 2522 936 2586 iu
962 2521 1015 2587 ed.
1038 2526 1149 2614 princ.
1169 2545 1227 2614 pcc-

130 2726 139 2747 ·
169 2659 276 2708 catum
306 2655 356 2704 est
380 2663 509 2703 mecum
532 2655 566 2703 et
588 2637 678 2703 milti.
697 2673 744 2691 *-
770 2639 885 2731 Longe
910 2655 1022 2704 tamen
1047 2641 1174 2732 gravior
1192 2652 1225 2701 est

167 2758 210 2824 de
239 2759 413 2857 collutulet
435 2760 537 2825 verbo
564 2761 723 2852 quaestio.
759 2756 858 2842 Quod
876 2760 953 2824 satis
979 2761 1095 2826 mirari
1120 2779 1223 2851 nequeo

164 2875 407 2966 patientissimo
456 2873 622 2942 editorum
670 2873 840 2941 stomacho
884 2877 1053 2968 concoqui
1096 2873 1222 2968 potuisse.

166 2987 255 3072 Quid
290 2989 401 3057 enimi
438 2988 548 3056 ullane
570 2991 699 3056 ratione
726 3016 744 3055 a
770 2989 876 3054 lutum
901 2989 974 3055 ficri
1011 2989 1158 3056 lutulurc
1179 3007 1222 3078 pt·

164 3104 254 3170 test?
279 3106 333 3170 An
353 3106 506 3198 cuiquam
528 3108 563 3170 in
590 3125 735 3173 mentem
757 3107 871 3172 veniet
895 3105 962 3171 huo
982 3122 1143 3199 tauquam
1162 3123 1218 3196 pti*

162 3236 292 3285 tentum
317 3219 452 3314 aliquod
479 3223 572 3288 verbi
598 3222 818 3287 alutulontus
843 3221 949 3288 forma
972 3219 1129 3289 ducere?
1149 3214 1219 3290 Novl-

164 3357 236 3399 mus
266 3333 378 3403 lutum
413 3336 576 3416 verbum,
612 3338 652 3401 ab
689 3362 797 3429 eoque
822 3353 914 3403 route
943 3352 1048 3428 atque
1074 3328 1223 3403 ordinafit

164 3449 317 3524 latitare,
344 3475 407 3516 nec
427 3449 506 3533 ulla,
531 3454 558 3518 si
584 3452 689 3520 modu
714 3453 817 3545 sapio,
845 3478 915 3518 esse
942 3438 1110 3535 du'hitatio
1134 3461 1222 3551 potesl

164 3564 248 3658 quin
272 3589 341 3632 uon
377 3565 571 3647 collatum,
613 3567 673 3634 sed
708 3568 874 3636 collutitet
906 3566 1046 3635 Plautus
1071 3561 1221 3659 scripserit

163 3680 237 3748 Nec
262 3679 425 3748 librorum
451 3682 622 3775 praesidio
649 3684 867 3750 destituimur.
927 3685 1015 3749 Nam
1040 3683 1135 3776 quod
1156 3677 1223 3774 prio

165 3823 245 3890 ceps
270 3795 371 3863 editio
398 3799 512 3890 priore
535 3798 612 3867 loco
638 3802 783 3892 praebet
796 3799 935 3864 collucet
961 3803 1038 3879 etsi,
1065 3797 1103 3865 id
1127 3794 1221 3866 rectius

164 3909 321 4004 dispostis
347 3912 465 3981 litteris
493 3914 576 4008 quid
604 3934 654 3981 est
678 3915 768 3981 aliud
794 3917 859 3981 nisi
885 3914 1055 3980 collutitet
1080 3916 1132 3982 sit
1173 3911 1219 3976 Eo-

165 4026 313 4121 demque
348 4050 501 4121 spectare
536 4031 667 4109 videtur
700 4032 868 4100 Vrsiuiani
904 4031 1023 4122 priore
1057 4030 1135 4100 loco
1167 4021 1224 4094 scri

164 4161 263 4233 ptura
283 4145 393 4240 'c‘lutlffi
418 4150 492 4214 etsi.
545 4149 631 4215 Hinc
659 4146 793 4213 demum
818 4145 972 4238 reliquae
1001 4141 1222 4239 discrepantiae

166 4275 257 4327 ortae
285 4285 419 4328 omnes:
447 4263 633 4329 conlutulet
658 4267 723 4328 etsi
748 4262 800 4327 ed.
822 4263 928 4353 princ.
952 4266 1141 4353 posteriore
1162 4260 1227 4326 loco,

171 4374 347 4447 coaluutet
373 4382 439 4449 etsi
462 4380 551 4475 Lips.
568 4399 721 4476 utroque,
750 4378 962 4447 coulutuleut
988 4384 1057 4444 etsi
1077 4382 1150 4451 Vct
1166 4377 1228 4446 flet·
