2872 4942
319 359 570 405 nosceremur
597 359 791 405 rurensis.
1019 332 1094 408 477

143 533 204 622 em]
233 559 424 628 agnoscere.
477 533 577 618 Quod
588 533 755 620 reliquum
770 552 829 613 est,
855 534 991 602 resectis
1006 558 1094 627 qnae

143 669 259 722 temate
286 670 357 718 orta
385 669 460 717 sunt
495 650 702 743 adiectisque
729 676 814 744 quae
839 649 1095 730 interciderunt,

143 795 156 834 c
182 769 333 860 speciem
351 769 471 835 misere
490 765 660 858 discerpta
675 768 823 833 membra
837 732 1095 881 redirffltcnde

143 909 185 949 rs:
394 953 398 960 ,
899 906 904 915 ·
937 872 944 889 ’

233 1018 277 1064 sr.
299 983 374 1065 Eho
401 1002 659 1089 irrumperem,
687 989 899 1064 circumduce
924 992 1096 1067 hacconi-

506 1112 561 1179 dis
586 1129 620 1179 et
645 1110 870 1180 concidetur

235 1229 327 1295 Num
347 1222 481 1319 e'gomet
506 1244 541 1294 te
565 1225 793 1313 ductdrem*),
819 1233 860 1295 ni
882 1245 971 1295 esset
989 1232 1038 1295 mi
1048 1228 1098 1296 u'd

495 1346 626 1430 forum
650 1336 836 1434 uego'tium.
922 1406 925 1411 .

149 1514 152 1519 ,
232 1479 293 1523 ru.
318 1442 450 1550 'Apage
474 1462 576 1525 istum
600 1451 920 1525 circumductorem:
947 1453 1000 1525 nil
1024 1483 1096 1524 mo-

505 1598 566 1640 ror
589 1573 774 1642 ductririer.

149 1687 217 1756 130
243 1711 287 1755 sr.
312 1671 420 1755 Ae'dis
445 1687 538 1755 dico.
565 1684 623 1756 vin
643 1694 703 1782 qui
723 1684 985 1785 teperdu'cteti'
1033 1714 1095 1759 ru.

607 1786 676 1826 istum
688 1786 844 1838 percurrerem

500 1870 621 1937 apage,
650 1841 721 1911 no'n
744 1847 876 1936 placet:

143 1959 205 2026 131
239 1952 409 2052 Quicquid
434 1976 494 2040 est,
520 1960 644 2028 erra'bo
659 1956 776 2052 ¹potius
792 1959 893 2054 purim
915 1961 1096 2054 perductet

508 2071 683 2169 quispiam.
1056 2036 1114 2153 F

236 2187 296 2279 [rr.
322 2189 416 2258 Fa'ee
438 2208 496 2257 tuo
526 2187 725 2279 arbitratu]
775 2201 838 2259 rr.
881 2217 966 2284 ergo
1001 2199 1094 2261 iutro

509 2332 549 2377 eo
575 2303 875 2399 siueperductore.
901 2331 946 2377 ει.
972 2302 1094 2379 ilicet.

232 2446 294 2489 rr.
319 2418 393 2489 'Ibo
420 2428 513 2489 intro
541 2428 648 2514 igitur
674 2450 701 2490 e.
729 2449 761 2517 q.
785 2450 810 2490 s.
933 2426 939 2441 ¹

142 2537 231 2605 idem
266 2541 448 2604 rectissime
483 2539 698 2630 perducendi
728 2514 838 2621 notis,
876 2541 967 2608 cuius
1001 2543 1093 2610 nulla

144 2655 214 2733 itas,
237 2679 305 2720 non
333 2657 424 2746 prius
451 2656 605 2737 infertur,
631 2682 729 2749 quam
743 2681 926 2751 perperam
954 2679 1094 2752 accepta

143 2770 274 2861 rropide
301 2770 551 2836 circumducere
578 2791 610 2839 et
643 2771 788 2838 ductare
813 2773 916 2838 verbs
944 2799 1010 2868 quo
1037 2802 1093 2841 va-

158 2886 285 2953 Simoni
313 2886 547 2980 explicandum
576 2886 646 2955 est.¹
692 2889 745 2954 Ab
770 2889 956 2981 interprete
983 2907 1092 2957 autem

151 3003 225 3068 voci
251 3005 433 3094 ascriptum
459 3002 520 3068 fuit
545 3007 645 3067 istum
667 2982 911 3095 perductorerr'i
933 2986 976 3071 id
1002 2998 1093 3072 simi·

143 3145 187 3183 em
212 3121 334 3210 prioris
359 3144 481 3185 versus.
546 3120 619 3202 Quo
655 3120 958 3212 interpretamento
988 3121 1093 3187 iuter·

145 3236 246 3300 verba
275 3253 455 3328 quaesunt
478 3238 548 3306 Vin
573 3237 634 3327 qui
651 3241 691 3300 te
713 3235 896 3328 perductet
920 3236 1091 3330 usquead

144 3378 208 3416 una
235 3377 307 3418 cum
335 3352 489 3443 proximo
516 3376 613 3417 versu
639 3376 714 3417 cum
729 3350 814 3418 sorte
831 3378 849 3417 e
868 3349 1008 3419 librario
1030 3379 1090 3418 ne-

143 3486 240 3534 rsscnt
257 3486 289 3534 et
306 3469 341 3533 in
364 3468 513 3560 margine
538 3468 656 3560 posita,
682 3467 762 3534 hinc
788 3495 868 3536 essu
881 3487 958 3536 sunt
969 3488 1046 3562 post
1060 3498 1090 3537 v.

143 3582 212 3649 lata.
246 3586 314 3651 Aut
331 3583 427 3649 simul
445 3583 676 3678 negligebatur
696 3583 782 3650 etin
807 3587 1002 3678 marginem,
1028 3583 1111 3665 sed,

143 3723 179 3764 in
205 3702 286 3766 item
313 3702 346 3765 in
374 3700 515 3766 alterum
537 3700 631 3766 illum
657 3699 770 3767 locum
796 3701 957 3792 priorem,
980 3719 1088 3766 trans-

143 3817 203 3879 ium
240 3817 329 3881 tertii
356 3840 485 3895 versus,
516 3814 608 3908 quod
643 3841 714 3881 esse
740 3817 888 3909 potuisse
912 3818 1004 3902 face
1030 3831 1088 3880 tuo

143 3948 175 3996 tu
204 3934 429 4012 coniecimus,
455 3949 511 3997 aut
534 3922 750 4025 postmodum
777 3930 916 4000 excidit:
944 3956 1011 4026 quo
1039 3931 1087 3998 fe-

144 4049 213 4113 tin
238 4074 341 4114 unum
365 4046 583 4128 versiculum,
620 4072 738 4114 verum
775 4073 851 4114 eum
883 4048 1006 4114 misere
1030 4075 1087 4115 ra-

143 4189 170 4228 m
180 4215 189 4245 ,
225 4165 353 4229 initium
388 4164 488 4257 primi
523 4181 557 4230 et
592 4163 679 4229 tertii
704 4162 809 4231 exitus
835 4160 1086 4251 eealescerent:

143 4308 298 4319 nunant-—

143 4363 188 4430 igis
205 4361 254 4416 sihi
273 4362 378 4429 plaeere
397 4364 464 4416 Nam
483 4370 579 4431 eportet
597 4361 727 4414 ductarum
737 4359 897 4414 tietmarum
915 4359 1080 4429 significavit.
1199 4320 1301 4648 r
