2872 4942
84 345 90 356 ’
158 332 231 406 540
478 357 519 397 rx.
571 357 614 398 ns
640 320 933 401 turenrotartorts

159 534 253 623 ipsa,
285 553 370 622 quae
396 523 525 618 aliquid
550 523 654 593 hiulci
680 542 736 591 aut
760 525 894 591 obscuri
914 520 973 590 vel
995 522 1233 591 babere‘vide-

160 663 278 717 rentur
300 641 354 709 vel
375 642 548 721 habereut,
573 664 648 708 rara
674 637 845 731 cogitandi
869 640 989 705 inertia
1004 638 1232 732 iudicandiqne
1272 684 1275 721 Ι

162 757 374 829 imbecillitas
402 781 478 824 cum
513 755 666 823 tarditate
701 780 827 825 summa
852 753 1048 823 inveniendi
1077 757 1232 822 coniuncta
1273 728 1275 749 Ι

165 875 273 942 effecit
298 891 333 941 ut
366 875 450 941 miro
486 873 588 964 ospiti
618 870 668 937 itti
698 895 767 938 non
794 872 893 939 tutius
915 886 1019 962 atque
1044 871 1232 965 ingeniosius

165 993 295 1082 artique
339 1009 374 1057 et
410 989 531 1057 rationi
567 987 804 1079 congruentius
847 984 1003 1080 expediri
1040 985 1232 1066 riderentur,

166 1132 267 1199 quam
293 1106 366 1198 ipsa
392 1104 474 1173 sede
502 1102 700 1173 difficultatis
726 1101 886 1171 radicitus
909 1126 1029 1170 eversa
1053 1128 1095 1170 ue
1119 1104 1232 1196 penitus

166 1222 336 1293 exstincta.
375 1220 505 1289 Verum
529 1218 607 1289 sat}
629 1217 755 1287 dictum
781 1236 852 1285 esto
879 1215 923 1287 de
947 1216 1232 1308 intemperantissi-

166 1359 221 1407 mo
255 1333 497 1404 halluciuetore
539 1333 630 1420 (uam
660 1333 760 1428 louge
785 1333 886 1401 etiam
916 1333 1233 1425 intemperentiusiu

169 1451 289 1519 ueteris
311 1447 431 1519 sabulis
455 1468 602 1519 versatus
627 1442 713 1539 est),
747 1447 938 1542 philologae
962 1447 1166 1515 Germaniae
1188 1445 1235 1511 de·

169 1565 312 1636 decore:
352 1567 444 1635 ouius
475 1583 585 1633 tamen
609 1566 775 1633 rationem
801 1562 995 1632 odorandae
1022 1562 1234 1658 interpolatio·

167 1683 219 1753 tris
244 1680 415 1749 Plautinae
441 1705 510 1751 nou
536 1679 646 1749 defuit
677 1682 737 1775 qui
775 1680 934 1772 optimam
967 1697 1103 1774 partem
1126 1680 1236 1747 diceret

169 1823 323 1868 curarum
347 1798 426 1868 huic
452 1815 573 1893 poetae
596 1798 639 1866 eh
664 1797 722 1865 illo
749 1797 986 1892 impensarum.

709 2075 735 2142 Ι.

271 2299 399 2368 Ordior
424 2327 442 2366 a
467 2299 712 2394 simplicissimo
739 2292 905 2396 exemplo.
953 2300 1145 2366 Trinummi
1166 2290 1236 2378 ΗΑ,

176 2422 231 2487 11·
247 2441 323 2485 oum
347 2415 428 2484 olim
452 2415 624 2511 legeretur

271 2571 374 2621 srAs.
416 2548 528 2642 Quid,
563 2546 656 2644 quod
676 2572 741 2640 ego
764 2524 996 2636 defi-audant
1048 2570 1149 2616 rnre.
1178 2544 1235 2609 dem

766 2667 834 2730 ista
858 2669 950 2730 ratio
977 2687 1140 2730 memma
1161 2674 1218 2727 est:

175 2799 396 2879 Hermannus‚
422 2814 459 2863 ut
485 2820 599 2864 versus
625 2813 801 2879 constaret,
828 2795 965 2863 delebat
985 2768 1065 2876 ist'a,
1093 2821 1166 2891 quo
1178 2814 1237 2889 pro
1273 2826 1275 2855 :

175 2913 310 2981 nomine
337 2938 438 3007 aegre
466 2938 602 2981 careas:
629 2931 729 3007 atque
754 2914 789 2978 in
803 2912 1026 2981 Ambrosiauo
1050 2911 1238 3003 adeoistoer

178 2996 236 3098 ζει.
290 3031 413 3097 Contra
438 3030 575 3121 Bothius
602 3053 675 3127 egoO
693 3028 849 3096 tollebat:
880 3054 948 3096 non
973 3054 1052 3095 sane
1078 3031 1234 3096 inconnu-

179 3142 241 3225 de,
268 3145 345 3236 quia
370 3145 446 3211 satis
473 3124 582 3211 videri
607 3161 740 3237 potest,
762 3161 798 3209 ut
824 3145 906 3210 iusta
933 3145 1175 3213 contrariorum
1192 3163 1235 3229 op-

178 3257 300 3351 positio
331 3257 409 3345 fiat‚
449 3261 578 3352 opponi
610 3258 822 3326 defraudatae
854 3272 891 3325 ‘et
923 3259 1065 3326 honeste
1095 3261 1239 3352 impensae

179 3374 343 3467 pecuniae
364 3376 515 3441 notiones
527 3405 539 3465 ;
564 3375 624 3442 sed
650 3393 761 3455 tamen
787 3394 823 3441 ut
846 3375 947 3442 multo
968 3376 1197 3468 significantius
1210 3371 1240 3436 si·

180 3487 251 3602 1qu
277 3488 414 3557 accedat
440 3489 510 3557 aliis
537 3517 703 3585 expensae
735 3511 767 3558 et
792 3519 809 3561 a
836 3493 978 3559 Stesimo
1003 3494 1082 3586 ipso
1108 3512 1240 3588 suppres·

182 3631 236 3674 see
269 3606 461 3699 oppositio,
496 3633 594 3699 quom
624 3627 732 3675 seruet
767 3607 920 3688 codicum
952 3610 1128 3676 memoria.
1176 3610 1242 3691 Qua-

180 3738 323 3816 propter
345 3719 437 3787 haud
462 3723 531 3788 scio
556 3748 597 3788 en
620 3724 667 3789 sio
693 3725 865 3817 scripserit
889 3743 1004 3816 poeta:

185 3893 190 3915 ι
218 3902 226 3923 „
284 3877 338 3923 rr.
369 3850 484 3945 Quid,
525 3849 616 3947 qudd
641 3878 705 3947 ego
722 3854 917 3942 fraudavi?
966 3878 1021 3922 tu.
1060 3851 1136 3922 de'm
1161 3859 1244 3922 istaes

777 3972 869 4035 ratio
891 3968 1096 4037 otahrumast.

185 4096 277 4166 Inter
291 4099 469 4187 fraudavi
490 4121 522 4171 et
556 4101 768 4209 defrauduapi
802 4101 880 4168 iibri
916 4103 1078 4170 fluctuant
1111 4103 1182 4169 Aut.
1204 4094 1246 4172 lv,

187 4212 219 4291 9,
249 4212 303 4295 14,
327 4217 386 4281 ubi
409 4235 501 4284 recte
528 4243 563 4287 se
590 4212 690 4282 habet
713 4219 933 4308 compositum
959 4219 1116 4285 verbum:

291 4344 395 4444 Quod
420 4344 589 4416 custodivi
611 4346 738 4415 sedule.
765 4346 900 4441 egome't
923 4377 977 4416 me
998 4350 1213 4440 dffrottdo'vr‘.
