2872 4942
442 357 559 402 suarm
587 357 854 406 tnrnuaaarnvs.
1119 336 1191 407 ³63

133 531 150 596 l
185 529 379 599 Charisium
416 531 525 597 'autem
554 549 591 598 ut
623 550 784 613 revertar,
821 530 967 625 plurium
1002 535 1100 600 etiam
1138 534 1196 626 qui

133 666 196 716 tac'
217 672 317 739 quam
347 643 526 713 reie'cimus
551 649 602 715 via
627 666 753 745 pergat,
775 647 1024 716 scholiastarum
1051 666 1196 742 segetem
1304 647 1308 666 ¹

137 788 324 831 ecrescere
350 766 480 830 sentiet
506 762 635 844 Aderit,
658 764 750 832 utin
772 765 886 856 paucis
906 765 1091 844 subsistam,
1109 764 1197 831 Nae-

133 881 142 945 ἰ
169 881 344 972 interpres
373 876 556 966 (Valerius)
579 878 729 960 Probum
742 880 891 948 Lucretii
912 877 1030 947 Velius
1042 881 1195 971 Longnst

133 1002 139 1060 '.
167 1021 205 1088 p.
237 996 389 1074 1Ζ8,33.
419 991 581 1074 ίὸῌιίιε
614 996 793 1088 utrobique
827 997 916 1062 euim
938 994 1047 1062 allato
1074 1011 1194 1086 poetae

133 1112 215 1177 trani
252 1110 422 1177 subiunxit
451 1109 509 1179 ubi
541 1109 751 1202 particulam.
799 1099 842 1178 Et
876 1129 988 1178 tamen
1021 1112 1196 1200 utriusque

133 1227 251 1295 ominis
276 1225 340 1294 alia
366 1226 520 1295 exstitere
547 1228 669 1319 scripta
695 1229 918 1319 grammatica,
941 1229 976 1292 in
999 1226 1120 1318 quibus
1139 1248 1197 1290 ve-

133 1367 232 1411 trum·
249 1359 443 1435 poetarum·
463 1341 552 1409 dicta
584 1343 767 1435 potuer'nnt
796 1361 862 1410 tam
895 1341 949 1411 rel
976 1342 1112 1434 copiose
1145 1336 1197 1409 vel

137 1456 299 1551 ngillatim
325 1475 461 1527 tractata
487 1483 579 1538 esse,
612 1475 741 1527 utnon
766 1458 874 1525 minus
900 1476 992 1526 recte
1018 1460 1062 1524 i‘n
1087 1457 1197 1524 baso

136 1592 414 1643 ommentatus
439 1599 522 1653 csse,
554 1599 655 1666 quam
680 1573 793 1642 locnm'
814 1565 994 1667 quemque
1011 1575 1199 1667 grammati-

133 1715 190 1757 ιιιι
215 1690 398 1783 explicasse
421 1689 771 1783 scriptordiceretur.
818 1690 865 1757 Ut
895 1691 1060 1756 breviter·
1079 1689 1198 1775 dicam,

133 1804 198 1873 llud
221 1807 293 1879 ,ubi
325 1807 437 1903 (ἔργον
465 1804 660 1873 tantundem
697 1806 784 1874 valet
817 1832 855 1874 ae
889 1805 982 1899 quod
1012 1805 1200 1896 exemplum

133 1947 191 2011 per
215 1921 393 1991 cuiuslibet
418 1924 619 2014 quaestionis
648 1920 944 2015 opportunitatem)
970 1920 1200 2012 affiregtsCa·

133 2059 184 2108 er.
206 2039 318 2130 Atque
337 2037 467 2130 aliquid
490 2037 655 2104 eiusmodi
680 2022 867 2137 suboluisse
894 2032 992 2104 etiam
1018 2038 1199 2128 Suringaro

137 2150 276 2223 idemus:
308 2155 400 2220 euius
428 2171 540 2221 tamen
567 2176 608 2221 eo
634 2155 669 2219 in
691 2155 924 2249 generemira
951 2171 984 2220 et
1008 2155 1201 2220 inconstan-

133 2263 243 2338 isfuit
269 2268 326 2355 (cs.
353 2270 380 2348 I,
404 2294 441 2360 p.
465 2267 524 2338 60.
556 2270 599 2352 Π,
622 2267 714 2354 163.)
740 2287 773 2336 et
795 2292 870 2335 cum
898 2264 1095 2338 credulitate
1118 2289 1201 2333 con*

133 2399 223 2450 uncta
250 2383 427 2451 timiditas:
455 2408 521 2476 qno
547 2385 670 2451 factum
696 2402 756 2464 est,
780 2401 818 2450 ut
835 2381 891 2450 vel
917 2384 1057 2448 maxime
1082 2398 1201 2473 suspe-

133 2496 178 2562 =tis
199 2496 448 2565 scholiastarum
474 2500 674 2578 nominibus,
701 2525 786 2591 quae
811 2524 878 2564 uno
904 2516 1000 2564 erant
1024 2500 1127 2565 verbo
1146 2523 1201 2563 re-

133 2611 289 2692 novenda,
315 2614 444 2707 integra
470 2615 576 2707 capita
602 2614 822 2686 destinaverit.
849 2613 958 2699 Quid?
984 2611 1075 2706 quod
1091 2640 1125 2706 p.
1142 2611 1200 2691 96,
1271 2663 1273 2668 -

133 2723 168 2792 l7
201 2726 289 2821 apud
327 2731 513 2795 Charisium
545 2730 631 2796 baec
666 2729 840 2823 leguntur:
877 2731 964 2951 g
982 2728 1096 2821 pridie
1120 2727 1220 2796 Καὶ·

133 2835 293 2934 {agustus
324 2861 358 2910 et
396 2870 468 2913 non
493 2842 727 2936 Augustarum
753 2845 876 2914 dicimo
963 2842 1037 2911 nbi
1067 2834 1203 2912 Plinius

133 2947 293 3027 locandus
318 2960 436 3027 eodem
462 2960 547 3027 libro
573 2979 688 3030 sento:
725 2983 749 3029 A
771 2962 885 3053 finito
906 2940 1059 3027 ‘nomina
1085 2964 1204 3050 singn-

133 3080 185 3161 ζνὶ
208 3081 420 3144 nontinativo
444 3095 574 3145 veteres
600 3103 679 3144 casu
700 3084 854 3176 genitivo
880 3099 925 3147 As
950 3075 1205 3166 syllabuslceli-

133 3189 263 3279 tabant:
300 3194 479 3286 inquibus
506 3218 548 3258 ne
573 3196 757 3284 praecessit
783 3193 920 3286 quidem
943 3195 1117 3287 scriptoris
1143 3215 1205 3258 nn-

133 3323 206 3389 ἢθη,
231 3308 294 3375 sed
320 3309 516 3377 tantundem
540 3330 589 3377 est
613 3309 697 3378 illud
728 3311 786 3380 ubi
810 3337 848 3377 ac
873 3335 941 3406 qua
963 3311 1007 3380 de
1026 3334 1063 3376 re
1082 3289 1205 3400 agens.

133 3422 325 3518 thlligisne
354 3451 412 3491 cur
439 3428 551 3507 nobis,
588 3429 646 3521 qui
676 3452 718 3494 ne
745 3427 875 3495 adiecto
901 3427 960 3495 illo
987 3426 1045 3494 sbi
1065 3426 1205 3520 quidem

133 3540 245 3641 tovfl‘i
268 3543 453 3635 potuimus,
491 3541 606 3637 multq
622 3545 749 3624 minus,
784 3542 892 3611 sicubi
913 3541 1074 3615 liberiore
1101 3545 1205 3610 etiam

134 3645 252 3724 iaculo
278 3684 354 3727 cum
380 3679 502 3751 poetae
530 3662 720 3729 testimonio
747 3665 951 3756 grammatici
967 3666 1126 3754 cuiusque
1142 3680 1204 3726 no-

133 3781 196 3837 ²en
219 3772 377 3866 iungitur,
404 3775 447 3842 de
469 3776 634 3868 peculiari
660 3782 899 3846 commentario
916 3777 1111 3871 persuaderi
1127 3800 1206 3869 pos-

133 3873 181 3955 it?
226 3889 291 3970 lta,
324 3909 362 3957 ut
393 3893 547 3985 exemplo
577 3911 660 3970 utar,
693 3896 728 3959 in
751 3897 906 3962 'Terentii
931 3894 1058 3963 fabulas
1081 3888 1207 3985 Nigidii

133 3991 239 4097 'figuli
264 4005 307 4072 de
333 4010 424 4074 cuius
450 4015 703 4076 commentariis
726 4015 960 4102 grammaticis
985 4010 1084 4103 longe
1104 4005 1205 4074 uber-

133 4105 213 4186 imis
239 4123 317 4189 satis
341 4142 476 4211 constat,
505 4127 693 4192 continuam
719 4128 1028 4219 interpretationem
1043 4123 1206 4191 exstitisse

138 4252 280 4328 egemus
308 4264 382 4306 cum
405 4240 587 4333 Sclropeno
609 4241 631 4312 l.
659 4266 688 4307 c.
716 4267 750 4333 p.
776 4242 819 4312 dl
849 4266 897 4333 sq.
908 4290 917 4319 ‚
953 4260 1053 4334 quem
1084 4238 1208 4307 bacin

137 4369 215 4423 arto
240 4357 340 4444 tacito
366 4358 519 4452 scquit'ur
537 4358 743 4452 *Suringarus
770 4359 851 4449 1‚p.
884 4357 962 4428 109.
1005 4359 1097 4424 Nam¹
1116 4353 1209 4465 quqd
