2872 4942
504 387 669 431 ratarum
700 389 892 432 rttvrrutr.
1168 369 1238 441 549

148 579 219 624 tem
248 558 458 650 frequentius
486 583 584 648 quam
598 560 743 657 traiectis
766 572 920 624 versuum
945 562 1116 651 particulis
1144 565 1240 631 simul

152 673 321 739 excidisse
347 670 484 764 aliquid.
544 674 586 738 Et
613 691 649 738 ut
674 673 843 766 aliquid
866 673 1018 742 audaculi
1045 678 1128 745 baec
1155 681 1243 746 Her-

152 789 270 854 manni
289 789 372 854 ratio
396 768 530 854 babeat:
570 787 659 874 (nam
684 790 862 856 multum
890 790 1013 856 babere
1049 793 1138 858 baud
1162 821 1243 862 con-

155 905 334 982 cesserim,
361 905 527 996 quoniam,
554 907 580 969 si
609 905 721 971 averi
747 905 963 972 similitudine
989 932 1058 973 non
1084 909 1245 978 abhorret

155 1045 244 1110 quae
271 1042 384 1084 caussa
410 1021 571 1110 cogitatur
597 1019 830 1110 corruptelae,
870 1020 952 1085 nihil
979 1022 1104 1117 refert,
1145 1052 1244 1117 quam
1279 1007 1281 1012 Ι

156 1135 225 1200 late
251 1151 362 1227 pateat
389 1133 481 1225 quod
510 1160 527 1200 e
561 1161 672 1200 caussa
709 1135 765 1200 illa
799 1140 1009 1228 consequens
1036 1137 1107 1224 sitz)
1146 1161 1179 1206 at
1209 1145 1244 1206 iu

156 1270 248 1317 tanta
281 1249 519 1342 depravatione
557 1248 721 1316 librorum
761 1251 988 1319 Plautinorum
1030 1257 1103 1345 quis
1139 1261 1244 1323 nescit

154 1367 328 1458 frequenti
354 1391 414 1431 usu
440 1367 581 1445 evenire,
614 1384 650 1431 ut
677 1360 789 1458 fieris
816 1385 883 1433 arte
911 1324 1090 1436 sestertias
1107 1371 1246 1464 integri-

155 1483 218 1547 tati
245 1483 356 1574 potius
380 1506 666 1573 numerorumque
691 1483 905 1549 concinnitati
929 1483 1170 1562 consulendum
1193 1488 1243 1566 sit,

158 1624 263 1690 quam
290 1595 360 1665 sola
389 1596 590 1662 emendandi
613 1596 777 1675 lenitas
805 1598 971 1665 curanda?
1023 1600 1090 1666 Sed
1117 1602 1170 1667 vel
1196 1603 1244 1667 sic

158 1734 274 1780 tumen
310 1712 352 1778 de
384 1715 548 1778 sententia
580 1739 654 1777 mea
689 1711 808 1778 cedam
849 1739 1049 1806 omnemque
1083 1718 1244 1782 rationem

156 1829 254 1895 illam
278 1830 413 1895 missam
436 1828 563 1906 faciam,
591 1827 788 1920 simulatque
808 1831 894 1894 viam
912 1833 1155 1912 monstraveris,
1182 1858 1246 1926 qua

159 1969 281 2012 eorum
308 1968 392 2036 quos
405 1961 581 2012 tractamus
605 1970 758 2010 versuum
779 1948 907 2036 primus
925 1947 1147 2037 probabiliter
1168 1972 1248 2014 con-

158 2061 328 2126 formetur
353 2076 481 2125 servato
509 2059 644 2151 quidem
668 2059 726 2126 illo
746 2060 974 2128 additamento
1002 2062 1095 2154 quod
1119 2083 1167 2130 cst
1185 2088 1248 2129 no·

160 2174 241 2241 bitis
268 2173 360 2266 apud
382 2175 552 2241 homines:
579 2175 671 2266 quod
697 2177 986 2267 persuasissimum
1012 2177 1121 2244 babeo
1148 2177 1247 2242 nullis

143 2290 326 2391 'machinis
354 2289 503 2356 effectum
527 2289 577 2353 iri.
628 2292 844 2355 Persanatum
870 2276 980 2356 autem
1015 2317 1058 2356 ne
1092 2292 1132 2357 ab
1161 2293 1248 2359 Her-

160 2429 286 2488 manno
315 2405 449 2497 quidem
478 2423 578 2496 puto,
606 2407 663 2498 qui
691 2431 806 2494 parum
830 2408 928 2497 gratis
951 2409 1164 2473 incrementis
1190 2435 1250 2474 au-

163 2539 255 2587 ctum
282 2522 329 2587 sic
356 2522 540 2587 constituit:

177 2688 180 2697 .
264 2630 386 2730 'Atque
418 2661 482 2727 ego
514 2637 604 2702 lianc
640 2652 733 2701 tuam
759 2632 906 2726 gldriam
942 2632 1081 2704 auribu's
1114 2637 1248 2730 quidem

764 2758 833 2816 iam
858 2748 1054 2845 acceperam
1067 2771 1172 2818 onte.

163 2868 251 2933 Mihi
277 2866 350 2933 talis
376 2868 474 2934 suisse
500 2869 555 2935 hic
577 2893 694 2934 versus
723 2868 862 2948 videtur,
887 2888 922 2934 ut
940 2869 1036 2935 simul
1057 2894 1168 2935 caussa
1191 2895 1251 2962 ap-

166 3003 299 3073 pareat,
341 3009 399 3050 cur
426 2985 489 3050 buc
515 2985 721 3075 potissimum
745 3011 762 3049 a
789 3011 846 3050 sua
879 2985 959 3050 sede
987 2983 1117 3077 avulsus
1145 2988 1251 3051 exitus

166 3097 225 3164 ille
249 3098 373 3164 nobilis
398 3081 490 3190 aprtd
514 3098 667 3164 homines
694 3097 908 3165 illaberetur:

268 3209 389 3306 'Atque
415 3231 508 3279 tuom
533 3215 624 3279 hanc
649 3214 767 3305 apttd
792 3209 992 3280 bo'mines
1018 3214 1166 3304 glorium
1192 3206 1253 3278 ati-

697 3328 815 3397 *iibus
838 3335 907 3396 iam
928 3325 1128 3421 acciperem
1152 3345 1246 3394 ante.

163 3442 308 3508 auribus
334 3446 433 3518 enim,
458 3444 550 3536 quod
576 3449 711 3512 minime
739 3471 1044 3538 supervacaneum,
1069 3443 1119 3511 illi
1146 3469 1252 3538 oppo·

162 3559 276 3637 =ltitur,
320 3559 413 3650 quod
439 3578 535 3626 autea
561 3560 692 3628 dixerat
717 3585 822 3653 opera
848 3586 882 3626 se
909 3579 1093 3653 expertum.
1130 3596 1173 3607 -
1214 3558 1255 3623 In

161 3674 328 3763 proximis
360 3676 495 3740 Bothius
524 3700 591 3767 quo
620 3675 750 3768 lougius
786 3678 826 3743 ab
853 3677 1100 3743 Hermauniano
1134 3673 1255 3739 finien-

162 3785 294 3854 dorum·
316 3802 469 3854 versuu'm
497 3788 651 3881 exemplo
679 3794 825 3869 recessit,
849 3815 895 3862 eo,
912 3791 1041 3881 turpius
1060 3789 1171 3879 lapsus
1190 3804 1255 3853 est:

163 3901 403 3995 quodstaedet
427 3907 588 3996 persequi
614 3905 760 3970 uberius.
796 3901 893 3971 VM
918 3901 1085 3968 so'tellites
1109 3905 1161 3968 tui
1184 3918 1257 3967 tne-

159 4018 233 4083 rito
270 4015 448 4084 defensum
481 4036 548 4099 est,
588 4019 668 4084 item
710 4005 831 4084 merito
872 4036 1037 4083 servatum
1076 4018 1257 4089 miserum,
1341 4014 1347 4041 ³

166 4150 351 4224 utrumque
384 4152 499 4199 contro
535 4133 786 4210 Hermannum,
828 4132 886 4223 qui
921 4125 971 4196 tui
1004 4114 1170 4196 salellitds
1203 4153 1256 4195 me

144 4244 277 4325 foede
308 4263 563 4338 transposuerat.
615 4238 805 4339 Vtrarfflue
833 4270 965 4325 vocem,
1004 4270 1055 4311 me
1086 4250 1255 4327 miserum,

159 4360 313 4433 codices
333 4366 468 4431 sociant.
499 4395 543 4410 —-
573 4362 615 4429 V.
643 4363 687 4431 15
714 4364 795 4453 iteup
817 4364 935 4427 omnia
961 4361 1186 4427 Hermannus:
1212 4355 1254 4424 li-
