2872 4942
196 343 269 411 570
331 352 335 365 “
516 366 558 406 rx.
610 366 652 405 ne
678 356 971 406 iureuaotumone

196 536 309 615 niano,
337 533 432 599 uides
457 538 589 598 niutaui
613 537 646 598 in
668 535 860 607 Decurtato,
875 530 974 623 fides
998 547 1162 598 mutetur
1184 536 1216 600 in
1240 535 1286 601 lna

197 650 370 742 terpolatis
395 651 561 741 lipsiensi
586 668 618 715 et
642 648 694 715 ed.
720 650 885 739 principe.
916 645 987 712 Sed
1014 673 1109 741 quae
1137 647 1286 717 librorum

196 766 331 857 vestigia
363 784 454 832 recte
484 767 721 854 interpretatus
754 780 803 828 est
829 763 1070 842 Camerarius,
1114 789 1184 830 non
1219 766 1286 830 item

196 898 289 952 reete
315 898 374 953 est
389 898 519 946 tutatus.
570 880 645 946 Non
671 876 884 971 Megaronidi
909 856 1011 963 hade
1027 866 1116 985 diei,
1145 881 1208 947 sed
1232 879 1288 945 illis

196 994 329 1060 referri:
366 995 457 1063 Multi
488 993 624 1087 quidem
659 994 772 1059 laetale
805 1017 876 1057 non
909 1007 961 1057 est
996 993 1100 1084 quod
1125 992 1206 1063 dem
1227 1020 1287 1059 mu-

197 1125 300 1190 tuum,
326 1128 363 1176 ut
383 1112 418 1175 in
443 1109 624 1202 propatulo
651 1129 709 1186 est,
737 1111 780 1174 ita
806 1133 922 1177 omnes
947 1112 1184 1176 consentiunt.
1229 1112 1289 1193 Qua

196 1227 297 1320 igitur
322 1229 478 1320 patientia
492 1222 658 1304 tulerunt,
685 1224 776 1317 quod
797 1248 863 1290 non
888 1190 1006 1316 piotest
1022 1248 1098 1291 non
1123 1224 1169 1293 ad
1192 1224 1289 1294 solum
1326 1234 1328 1249 '

198 1361 351 1433 spectare
377 1341 643 1433 Megaronidem,
670 1341 766 1407 dicas
792 1359 826 1408 et
850 1339 932 1406 des?
965 1341 1022 1406 An
1047 1341 1200 1407 Furium
1225 1338 1291 1411 Me-

199 1482 328 1531 mnona
362 1458 575 1548 iugulantem
611 1477 643 1523 et
674 1481 765 1523 cana
795 1459 872 1522 nive
897 1455 1003 1548 Alpes
1027 1460 1289 1553 'eonspuentettt

200 1575 344 1644 animum
382 1573 640 1648 induxer'nnt
631 1598 666 1638 m
703 1570 909 1640 comoediam
940 1573 1157 1649 immittere?
1203 1576 1290 1671 Non

198 1706 310 1781 potest
334 1714 408 1756 meo
435 1689 558 1756 iudicio
586 1688 653 1754 ulla
680 1687 844 1757 dubitatio
857 1711 1049 1780 esswqmn
1071 1636 1290 1782 tertialsper-

200 1828 301 1875 sonae
328 1805 432 1871 forma
469 1794 644 1875 Calliclem
675 1790 825 1869 utintem
857 1803 976 1872 fecerit
1000 1823 1122 1895 poeta.
1188 1809 1290 1897 Atque
1326 1884 1328 1889 Ι

200 1917 329 2011 aliquid
346 1919 537 1987 huiusmodi
559 1921 702 1985 sensisse
715 1920 895 1989 Lambinus
913 1917 1072 1990 videtur:
1101 1898 1290 2103 quavam

200 2035 322 2100 mirum
348 2054 399 2103 est
431 2035 538 2104 solum
573 2039 616 2102 ab
643 2060 681 2103 eo
708 2035 767 2101 det
801 2036 1011 2128 propositum
1044 2061 1127 2103 esse
1163 2039 1195 2103 G
1217 2061 1290 2104 ono

200 2148 289 2214 vium
313 2169 482 2217 annotare.
534 2150 605 2222 Sed
635 2178 693 2244 age
718 2149 805 2216 adde
832 2150 925 2220 dieat
949 2173 1015 2242 pro
1041 2148 1149 2223 dieas
1176 2153 1290 2218 substi·

201 2272 325 2336 tutum:
351 2291 394 2333 ne
419 2269 466 2334 sie
490 2267 630 2359 quidem
652 2266 775 2339 rationi
798 2266 997 2335 satisfactum
1015 2267 1190 2335 concedo.
1217 2268 1292 2334 Nam

202 2405 278 2447 eum
303 2405 373 2450 nou
400 2408 484 2449 unns
506 2381 627 2474 aliquis
653 2383 777 2447 amicus
805 2383 983 2472 cogitetur,
1006 2383 1065 2473 qui
1098 2385 1291 2474 tergiversa

201 2509 294 2561 turus
316 2498 375 2575 sit,
403 2496 463 2568 sed
491 2522 530 2563 ea
556 2477 735 2565 infidelitas
759 2497 922 2565 tribuatur
944 2496 1127 2575 omnibus,
1157 2521 1290 2563 consen·

201 2626 336 2678 taneum
364 2630 415 2678 est
439 2611 482 2677 ad
510 2637 625 2678 omnes
652 2630 805 2704 spectare
833 2608 981 2676 Calliclis
1007 2612 1291 2702 1·esponsum,llt

202 2749 271 2796 uno
292 2728 397 2797 verbo
428 2727 556 2806 dicam,
592 2729 639 2807 si,
672 2726 765 2820 quod
792 2728 877 2794 ratio
905 2725 1055 2818 efflagitat
1084 2744 1121 2792 et
1144 2730 1292 2794 uniuscu-

202 2841 322 2933 iusque
351 2861 432 2934 puto
459 2868 575 2912 sensus
610 2844 750 2933 expetit,
782 2840 819 2910 id
844 2841 977 2932 scripsit
1001 2858 1129 2932 poeta,
1159 2866 1291 2908 censen·

204 2955 266 3023 dus
294 2977 343 3027 est
365 2958 485 3025 dicant
516 2978 548 3024 et
575 2958 659 3029 dent
687 2957 842 3024 dedisse:
877 2957 944 3023 hoe
969 2974 1005 3023 ut
1027 2981 1160 3026 novum
1185 2984 1291 3026 exem·

203 3072 300 3165 plum
326 3075 376 3141 illi
400 3076 681 3167 permutationum
697 3075 810 3166 generi
831 3073 976 3150 accedat,
1004 3071 1100 3163 quod
1126 3091 1205 3141 aute
1231 3091 1292 3140 tan·

205 3189 373 3281 gebamus,
423 3191 591 3258 Acerbios
624 3206 731 3255 autem
768 3187 924 3256 Callicles
958 3187 1167 3276 respondet,
1202 3210 1292 3280 quam

204 3306 244 3375 iis
270 3305 375 3376 visum
402 3322 469 3385 est,
503 3309 561 3397 qui
597 3307 631 3368 in
667 3305 756 3373 lianc,
788 3305 986 3373 sententiam
1011 3303 1288 3394 interpretantur:

204 3421 254 3502 „si
279 3418 399 3490 nolunt
427 3440 578 3491 mutuum
602 3421 704 3499 dare,
744 3418 868 3486 vellem
896 3417 1013 3487 saltem
1040 3443 1160 3489 veram
1187 3418 1289 3483 detre-

207 3535 319 3604 ctandi
337 3560 493 3601 eaussam
519 3562 561 3601 ne
592 3537 740 3605 celarent
761 3552 863 3626 atque
884 3533 975 3600 nolle
998 3559 1032 3598 se
1061 3537 1177 3626 potius
1201 3556 1288 3627 quam

206 3678 274 3718 non
300 3676 400 3743 posse
428 3650 507 3722 dare
534 3653 748 3722 faterentu1·“.
800 3651 905 3719 Immo
933 3667 998 3720 tam
1025 3675 1065 3714 se
1091 3651 1161 3723 illis
1179 3653 1284 3718 iratum

210 3767 365 3849 ostendit,
393 3770 439 3833 eis
465 3786 501 3832 ut
522 3767 608 3833 male
627 3784 800 3859 precetur:
826 3767 973 3847 „utinam
991 3789 1110 3836 verum
1129 3768 1182 3847 sit,
1206 3759 1283 3857 quod
1326 3756 1328 3821 ἶ

209 3882 326 3949 dicunt
351 3882 433 3948 nihil
462 3884 525 3949 sibi
551 3886 677 3976 argenti
706 3885 799 3948 esse“
835 3883 865 3946 h.
894 3908 922 3946 e.
957 3881 1122 3959 „utinam
1156 3879 1198 3953 ad
1222 3883 1280 3944 ino-

208 4001 299 4090 piam
331 3998 460 4065 redacti
490 4002 569 4064 sint:
610 3999 675 4065 hoe
710 3999 776 4062 iam
807 3997 889 4068 mihi
921 3996 1044 4087 gratius
1076 3995 1224 4067 sutorum
1249 3991 1279 4057 sit

212 4139 312 4206 quam
337 4116 492 4206 accipere
519 4109 773 4207 argentum“.*)
792 4112 1026 4178 -Summam
1054 4111 1159 4202 igitur
1184 4126 1277 4178 eorum

273 4367 299 4437 a)
320 4368 393 4418 Nova
411 4371 511 4419 ratione
529 4368 661 4433 vulgatam
679 4368 830 4432 scripturam
850 4365 1039 4431 llampmannus
1059 4362 1093 4414 de
1116 4364 1158 4415 Aa
1177 4367 1271 4430 pnepol·
