<?xml version="1.0" encoding="UTF-8"?>
<!DOCTYPE html PUBLIC "-//W3C//DTD XHTML 1.0 Transitional//EN"
    "http://www.w3.org/TR/xhtml1/DTD/xhtml1-transitional.dtd">
<html xmlns="http://www.w3.org/1999/xhtml" xml:lang="en" lang="en">
 <head>
  <title>
</title>
<meta http-equiv="Content-Type" content="text/html;charset=utf-8" />
  <meta name='ocr-system' content='tesseract 3.04.00' />
  <meta name='ocr-capabilities' content='ocr_page ocr_carea ocr_par ocr_line ocrx_word'/>
</head>
<body>
  <div class='ocr_page' id='page_1' title='image "./parergonplautin00ritsgoog_0469.png"; bbox 0 0 2872 4942; ppageno 0'>
   <div class='ocr_carea' id='block_1_1' title="bbox 1195 108 1215 139">
    <p class='ocr_par' dir='ltr' id='par_1_1' title="bbox 1195 108 1215 139">
     <span class='ocr_line' id='line_1_1' title="bbox 1195 108 1215 139; baseline 0 -6"><span class='ocrx_word' id='word_1_1' title='bbox 1195 108 1215 139; x_wconf 68' lang='lat' dir='ltr'>t.</span> 
     </span>
    </p>
   </div>
   <div class='ocr_carea' id='block_1_2' title="bbox 545 308 1316 449">
    <p class='ocr_par' dir='ltr' id='par_1_2' title="bbox 545 308 1316 449">
     <span class='ocr_line' id='line_1_2' title="bbox 545 308 1316 449; baseline 0.01 -58"><span class='ocrx_word' id='word_1_2' title='bbox 545 349 767 397; x_wconf 77' lang='lat' dir='ltr'>utecutuiuus.</span> <span class='ocrx_word' id='word_1_3' title='bbox 1125 308 1198 399; x_wconf 63' lang='lat' dir='ltr'>llll)</span> <span class='ocrx_word' id='word_1_4' title='bbox 1256 310 1316 449; x_wconf 47' lang='lat' dir='ltr'>&#39;ff</span> 
     </span>
    </p>
   </div>
   <div class='ocr_carea' id='block_1_3' title="bbox 135 518 1280 4200">
    <p class='ocr_par' dir='ltr' id='par_1_3' title="bbox 135 518 1280 4200">
     <span class='ocr_line' id='line_1_3' title="bbox 135 518 1196 614; baseline 0.004 -30"><span class='ocrx_word' id='word_1_5' title='bbox 135 544 161 584; x_wconf 75' lang='lat' dir='ltr'>ts</span> <span class='ocrx_word' id='word_1_6' title='bbox 189 518 339 599; x_wconf 83' lang='lat' dir='ltr'>addidit,</span> <span class='ocrx_word' id='word_1_7' title='bbox 371 545 477 612; x_wconf 84' lang='lat' dir='ltr'>quam</span> <span class='ocrx_word' id='word_1_8' title='bbox 510 523 578 585; x_wconf 83' lang='lat' dir='ltr'>ium</span> <span class='ocrx_word' id='word_1_9' title='bbox 603 521 783 614; x_wconf 71' lang='lat' dir='ltr'>geminaret</span> <span class='ocrx_word' id='word_1_10' title='bbox 818 521 1040 590; x_wconf 77' lang='lat' dir='ltr'>Camerarius.</span> <span class='ocrx_word' id='word_1_11' title='bbox 1104 524 1196 591; x_wconf 82' lang='lat' dir='ltr'>Pers.</span> 
     </span>
     <span class='ocr_line' id='line_1_4' title="bbox 135 637 777 715; baseline 0.002 -12"><span class='ocrx_word' id='word_1_12' title='bbox 135 684 145 714; x_wconf 87' lang='lat'>‚</span> <span class='ocrx_word' id='word_1_13' title='bbox 176 638 210 715; x_wconf 72' lang='lat'>2,</span> <span class='ocrx_word' id='word_1_14' title='bbox 230 637 306 707; x_wconf 74' lang='lat'>23‚:</span> <span class='ocrx_word' id='word_1_15' title='bbox 750 694 777 712; x_wconf 76' lang='grc'>,,</span> 
     </span>
     <span class='ocr_line' id='line_1_5' title="bbox 211 744 765 841; baseline 0 -25"><span class='ocrx_word' id='word_1_16' title='bbox 211 744 327 816; x_wconf 80' lang='lat' dir='ltr'>deos</span> <span class='ocrx_word' id='word_1_17' title='bbox 353 775 405 816; x_wconf 86' lang='lat' dir='ltr'>me</span> <span class='ocrx_word' id='word_1_18' title='bbox 416 747 566 837; x_wconf 73' lang='lat' dir='ltr'>fulcitis,</span> <span class='ocrx_word' id='word_1_19' title='bbox 591 746 765 841; x_wconf 77' lang='lat' dir='ltr'>intellego.</span> 
     </span>
     <span class='ocr_line' id='line_1_6' title="bbox 135 865 1198 960; baseline 0.003 -30"><span class='ocrx_word' id='word_1_20' title='bbox 135 866 193 932; x_wconf 92' lang='lat' dir='ltr'>ud.</span> <span class='ocrx_word' id='word_1_21' title='bbox 212 868 253 946; x_wconf 87' lang='grc' dir='ltr'>ΙΙ,</span> <span class='ocrx_word' id='word_1_22' title='bbox 268 869 300 946; x_wconf 82' lang='grc'>5,</span> <span class='ocrx_word' id='word_1_23' title='bbox 315 868 358 935; x_wconf 88' lang='grc'>13</span> <span class='ocrx_word' id='word_1_24' title='bbox 385 867 489 933; x_wconf 84' lang='lat' dir='ltr'>Vetus</span> <span class='ocrx_word' id='word_1_25' title='bbox 513 865 599 935; x_wconf 83' lang='lat' dir='ltr'>cod.</span> <span class='ocrx_word' id='word_1_26' title='bbox 625 866 714 954; x_wconf 84' lang='lat' dir='ltr'>(uam</span> <span class='ocrx_word' id='word_1_27' title='bbox 739 869 774 935; x_wconf 87' lang='lat' dir='ltr'>in</span> <span class='ocrx_word' id='word_1_28' title='bbox 799 869 991 946; x_wconf 61' lang='lat' dir='ltr'>Decurtutut</span> <span class='ocrx_word' id='word_1_29' title='bbox 1012 866 1198 960; x_wconf 82' lang='lat' dir='ltr'>‘Lipsiensi,</span> 
     </span>
     <span class='ocr_line' id='line_1_7' title="bbox 135 981 1115 1076; baseline 0.003 -29"><span class='ocrx_word' id='word_1_30' title='bbox 135 983 268 1074; x_wconf 83' lang='lat' dir='ltr'>rincipe</span> <span class='ocrx_word' id='word_1_31' title='bbox 295 982 350 1048; x_wconf 88' lang='lat' dir='ltr'>hie</span> <span class='ocrx_word' id='word_1_32' title='bbox 376 982 540 1076; x_wconf 77' lang='lat' dir='ltr'>quaedum</span> <span class='ocrx_word' id='word_1_33' title='bbox 562 981 714 1067; x_wconf 61' lang='lat' dir='ltr'>dunno:</span> <span class='ocrx_word' id='word_1_34' title='bbox 792 1044 807 1051; x_wconf 76' lang='grc'>,.</span> <span class='ocrx_word' id='word_1_35' title='bbox 1113 1055 1115 1058; x_wconf 63' lang='grc'><strong>,</strong></span> 
     </span>
     <span class='ocr_line' id='line_1_8' title="bbox 209 1092 1195 1192; baseline 0 -27"><span class='ocrx_word' id='word_1_36' title='bbox 209 1101 386 1190; x_wconf 76' lang='lat' dir='ltr'><em>Nusquam</em></span> <span class='ocrx_word' id='word_1_37' title='bbox 410 1092 523 1174; x_wconf 76' lang='lat' dir='ltr'>lue&#39;rele</span> <span class='ocrx_word' id='word_1_38' title='bbox 551 1099 708 1192; x_wconf 80' lang='lat' dir='ltr'>equidem</span> <span class='ocrx_word' id='word_1_39' title='bbox 730 1095 824 1167; x_wconf 83' lang='lat' dir='ltr'>illam</span> <span class='ocrx_word' id='word_1_40' title='bbox 856 1092 977 1168; x_wconf 72' lang='lat' dir='ltr'>uideo:</span> <span class='ocrx_word' id='word_1_41' title='bbox 1012 1095 1111 1167; x_wconf 79' lang='lat' dir='ltr'>ludes</span> <span class='ocrx_word' id='word_1_42' title='bbox 1144 1094 1195 1165; x_wconf 73' lang='lat' dir='ltr'>mel</span> 
     </span>
     <span class='ocr_line' id='line_1_9' title="bbox 348 1219 805 1304; baseline -0.009 -22"><span class='ocrx_word' id='word_1_43' title='bbox 348 1255 352 1265; x_wconf 92' lang='lat'><em>·</em></span> <span class='ocrx_word' id='word_1_44' title='bbox 692 1219 805 1304; x_wconf 79' lang='lat' dir='ltr'>facit..</span> 
     </span>
     <span class='ocr_line' id='line_1_10' title="bbox 137 1329 630 1423; baseline 0.01 -30"><span class='ocrx_word' id='word_1_45' title='bbox 137 1329 265 1400; x_wconf 88' lang='lat' dir='ltr'>seudoli</span> <span class='ocrx_word' id='word_1_46' title='bbox 291 1331 350 1410; x_wconf 87' lang='lat' dir='ltr'>IV,</span> <span class='ocrx_word' id='word_1_47' title='bbox 375 1333 406 1410; x_wconf 85' lang='lat'>7,</span> <span class='ocrx_word' id='word_1_48' title='bbox 435 1333 555 1423; x_wconf 77' lang='lat' dir='ltr'>llsq.:</span> <span class='ocrx_word' id='word_1_49' title='bbox 617 1390 630 1398; x_wconf 16' lang='grc' dir='ltr'>Α,</span> 
     </span>
     <span class='ocr_line' id='line_1_11' title="bbox 209 1439 1196 1541; baseline -0.001 -27"><span class='ocrx_word' id='word_1_50' title='bbox 209 1446 245 1514; x_wconf 90' lang='lat' dir='ltr'>S.</span> <span class='ocrx_word' id='word_1_51' title='bbox 270 1441 544 1539; x_wconf 77' lang='lat' dir='ltr'>&#39;Exploratorum</span> <span class='ocrx_word' id='word_1_52' title='bbox 569 1439 659 1513; x_wconf 67' lang='lat' dir='ltr'>lisine</span> <span class='ocrx_word' id='word_1_53' title='bbox 670 1447 850 1534; x_wconf 57' lang='lat' dir='ltr'>faciemus</span> <span class='ocrx_word' id='word_1_54' title='bbox 884 1441 981 1515; x_wconf 80' lang='lat' dir='ltr'>lildos</span> <span class='ocrx_word' id='word_1_55' title='bbox 1013 1439 1196 1541; x_wconf 80' lang='lat' dir='ltr'>suppositi·</span> 
     </span>
     <span class='ocr_line' id='line_1_12' title="bbox 704 1551 1061 1629; baseline -0.003 0"><span class='ocrx_word' id='word_1_56' title='bbox 704 1567 802 1629; x_wconf 85' lang='lat' dir='ltr'>cium.</span> <span class='ocrx_word' id='word_1_57' title='bbox 1059 1551 1061 1555; x_wconf 31' lang='lat'><em>⁷</em></span> 
     </span>
     <span class='ocr_line' id='line_1_13' title="bbox 210 1672 1196 1771; baseline -0.001 -24"><span class='ocrx_word' id='word_1_58' title='bbox 210 1676 250 1747; x_wconf 87' lang='lat' dir='ltr'>B.</span> <span class='ocrx_word' id='word_1_59' title='bbox 275 1672 396 1754; x_wconf 86' lang='lat' dir='ltr'>&#39;Adeo,</span> <span class='ocrx_word' id='word_1_60' title='bbox 417 1678 577 1744; x_wconf 74' lang='lat' dir='ltr'>dorileum</span> <span class='ocrx_word' id='word_1_61' title='bbox 602 1676 694 1771; x_wconf 83' lang='lat' dir='ltr'>ipsus</span> <span class='ocrx_word' id='word_1_62' title='bbox 718 1705 792 1745; x_wconf 85' lang='lat' dir='ltr'>sese</span> <span class='ocrx_word' id='word_1_63' title='bbox 818 1673 915 1744; x_wconf 85' lang='lat' dir='ltr'>lu&#39;dos</span> <span class='ocrx_word' id='word_1_64' title='bbox 929 1677 1020 1770; x_wconf 87' lang='lat' dir='ltr'>fleri</span> <span class='ocrx_word' id='word_1_65' title='bbox 1031 1674 1196 1746; x_wconf 69' lang='lat' dir='ltr'>sinuerit:</span> 
     </span>
     <span class='ocr_line' id='line_1_14' title="bbox 135 1793 1197 1887; baseline 0.008 -32"><span class='ocrx_word' id='word_1_66' title='bbox 135 1817 255 1880; x_wconf 67' lang='lat' dir='ltr'>[uorum</span> <span class='ocrx_word' id='word_1_67' title='bbox 283 1798 397 1887; x_wconf 85' lang='lat' dir='ltr'>priore</span> <span class='ocrx_word' id='word_1_68' title='bbox 424 1821 520 1861; x_wconf 90' lang='lat' dir='ltr'>versu</span> <span class='ocrx_word' id='word_1_69' title='bbox 554 1793 652 1862; x_wconf 85' lang='lat' dir='ltr'>ludos</span> <span class='ocrx_word' id='word_1_70' title='bbox 680 1797 824 1862; x_wconf 88' lang='lat' dir='ltr'>coniecit</span> <span class='ocrx_word' id='word_1_71' title='bbox 855 1797 1036 1862; x_wconf 84' lang='lat' dir='ltr'>Lambinus</span> <span class='ocrx_word' id='word_1_72' title='bbox 1065 1813 1097 1862; x_wconf 88' lang='lat' dir='ltr'>et</span> <span class='ocrx_word' id='word_1_73' title='bbox 1122 1814 1197 1863; x_wconf 85' lang='lat' dir='ltr'>ante</span> 
     </span>
     <span class='ocr_line' id='line_1_15' title="bbox 135 1910 1280 2004; baseline 0.006 -34"><span class='ocrx_word' id='word_1_74' title='bbox 135 1930 189 1974; x_wconf 88' lang='lat' dir='ltr'>um</span> <span class='ocrx_word' id='word_1_75' title='bbox 214 1910 283 1976; x_wconf 90' lang='lat' dir='ltr'>eius</span> <span class='ocrx_word' id='word_1_76' title='bbox 311 1910 516 1978; x_wconf 84' lang='lat' dir='ltr'>recensionis</span> <span class='ocrx_word' id='word_1_77' title='bbox 542 1928 673 1990; x_wconf 81' lang='lat' dir='ltr'>auctor,</span> <span class='ocrx_word' id='word_1_78' title='bbox 700 1935 799 2004; x_wconf 86' lang='lat' dir='ltr'>quam</span> <span class='ocrx_word' id='word_1_79' title='bbox 814 1910 994 2002; x_wconf 87' lang='lat' dir='ltr'>Lipsiensis</span> <span class='ocrx_word' id='word_1_80' title='bbox 1020 1910 1128 1978; x_wconf 83' lang='lat' dir='ltr'>codex</span> <span class='ocrx_word' id='word_1_81' title='bbox 1149 1930 1197 1977; x_wconf 92' lang='lat' dir='ltr'>te·</span> <span class='ocrx_word' id='word_1_82' title='bbox 1279 1989 1280 1993; x_wconf 6' lang='grc' dir='ltr'><strong>Ἰ</strong></span> 
     </span>
     <span class='ocr_line' id='line_1_16' title="bbox 135 2025 1196 2120; baseline 0.006 -34"><span class='ocrx_word' id='word_1_83' title='bbox 135 2041 190 2090; x_wconf 85' lang='lat' dir='ltr'>et:</span> <span class='ocrx_word' id='word_1_84' title='bbox 212 2025 337 2117; x_wconf 83' lang='lat' dir='ltr'>reliqui</span> <span class='ocrx_word' id='word_1_85' title='bbox 362 2025 441 2090; x_wconf 89' lang='lat' dir='ltr'>libri</span> <span class='ocrx_word' id='word_1_86' title='bbox 468 2026 556 2091; x_wconf 83' lang='lat' dir='ltr'>ludo.</span> <span class='ocrx_word' id='word_1_87' title='bbox 611 2025 683 2093; x_wconf 90' lang='lat' dir='ltr'>Sed</span> <span class='ocrx_word' id='word_1_88' title='bbox 709 2025 788 2092; x_wconf 87' lang='lat' dir='ltr'>ludo</span> <span class='ocrx_word' id='word_1_89' title='bbox 797 2029 927 2113; x_wconf 84' lang='lat' dir='ltr'>facere</span> <span class='ocrx_word' id='word_1_90' title='bbox 940 2026 1087 2120; x_wconf 80' lang='lat' dir='ltr'>aliquem</span> <span class='ocrx_word' id='word_1_91' title='bbox 1100 2027 1196 2092; x_wconf 85' lang='lat' dir='ltr'>Plau-</span> 
     </span>
     <span class='ocr_line' id='line_1_17' title="bbox 135 2130 1224 2234; baseline 0.006 -32"><span class='ocrx_word' id='word_1_92' title='bbox 135 2161 159 2202; x_wconf 79' lang='grc' dir='ltr'>ιε</span> <span class='ocrx_word' id='word_1_93' title='bbox 189 2141 267 2206; x_wconf 86' lang='lat' dir='ltr'>alibi</span> <span class='ocrx_word' id='word_1_94' title='bbox 293 2165 362 2208; x_wconf 89' lang='lat' dir='ltr'>non</span> <span class='ocrx_word' id='word_1_95' title='bbox 387 2143 489 2234; x_wconf 81' lang='lat' dir='ltr'>magis</span> <span class='ocrx_word' id='word_1_96' title='bbox 514 2141 606 2222; x_wconf 80' lang='lat' dir='ltr'>dixit,</span> <span class='ocrx_word' id='word_1_97' title='bbox 633 2168 733 2234; x_wconf 87' lang='lat' dir='ltr'>quam</span> <span class='ocrx_word' id='word_1_98' title='bbox 758 2142 873 2208; x_wconf 85' lang='lat' dir='ltr'>ludum</span> <span class='ocrx_word' id='word_1_99' title='bbox 888 2141 1034 2234; x_wconf 82' lang='lat' dir='ltr'>aliquem</span> <span class='ocrx_word' id='word_1_100' title='bbox 1049 2145 1195 2230; x_wconf 77' lang='lat' dir='ltr'>facere:</span> <span class='ocrx_word' id='word_1_101' title='bbox 1222 2130 1224 2135; x_wconf 68' lang='lat'>,</span> 
     </span>
     <span class='ocr_line' id='line_1_18' title="bbox 135 2256 829 2352; baseline 0.009 -34"><span class='ocrx_word' id='word_1_102' title='bbox 135 2258 238 2323; x_wconf 43' lang='lat' dir='ltr'>,metsi</span> <span class='ocrx_word' id='word_1_103' title='bbox 264 2258 299 2321; x_wconf 92' lang='lat' dir='ltr'>in</span> <span class='ocrx_word' id='word_1_104' title='bbox 322 2258 456 2350; x_wconf 86' lang='lat' dir='ltr'>Argum.</span> <span class='ocrx_word' id='word_1_105' title='bbox 481 2256 628 2325; x_wconf 87' lang='lat' dir='ltr'>Mostell.</span> <span class='ocrx_word' id='word_1_106' title='bbox 657 2262 678 2328; x_wconf 88' lang='grc'>7</span> <span class='ocrx_word' id='word_1_107' title='bbox 704 2257 829 2352; x_wconf 82' lang='lat' dir='ltr'>legitur</span> 
     </span>
     <span class='ocr_line' id='line_1_19' title="bbox 208 2366 767 2464; baseline -0.002 -24"><span class='ocrx_word' id='word_1_108' title='bbox 208 2366 389 2464; x_wconf 80' lang='lat' dir='ltr'>Luddsque</span> <span class='ocrx_word' id='word_1_109' title='bbox 415 2398 549 2438; x_wconf 87' lang='lat' dir='ltr'>rursum</span> <span class='ocrx_word' id='word_1_110' title='bbox 561 2370 620 2461; x_wconf 85' lang='lat' dir='ltr'>sz‘t</span> <span class='ocrx_word' id='word_1_111' title='bbox 643 2398 767 2441; x_wconf 70' lang='lat' dir='ltr'>senec:</span> 
     </span>
     <span class='ocr_line' id='line_1_20' title="bbox 135 2481 1194 2583; baseline 0.002 -31"><span class='ocrx_word' id='word_1_112' title='bbox 135 2481 170 2550; x_wconf 88' lang='lat' dir='ltr'>bi</span> <span class='ocrx_word' id='word_1_113' title='bbox 194 2491 313 2554; x_wconf 89' lang='lat' dir='ltr'>mirum</span> <span class='ocrx_word' id='word_1_114' title='bbox 343 2507 392 2555; x_wconf 91' lang='lat' dir='ltr'>est</span> <span class='ocrx_word' id='word_1_115' title='bbox 417 2491 452 2554; x_wconf 91' lang='lat' dir='ltr'>in</span> <span class='ocrx_word' id='word_1_116' title='bbox 484 2492 667 2557; x_wconf 85' lang='lat' dir='ltr'>Decurtuto</span> <span class='ocrx_word' id='word_1_117' title='bbox 708 2489 914 2583; x_wconf 82' lang='lat' dir='ltr'>(quanquam</span> <span class='ocrx_word' id='word_1_118' title='bbox 938 2488 973 2555; x_wconf 92' lang='lat' dir='ltr'>in</span> <span class='ocrx_word' id='word_1_119' title='bbox 997 2489 1063 2557; x_wconf 89' lang='lat' dir='ltr'>hoc</span> <span class='ocrx_word' id='word_1_120' title='bbox 1088 2489 1194 2555; x_wconf 84' lang='lat' dir='ltr'>umbi-</span> 
     </span>
     <span class='ocr_line' id='line_1_21' title="bbox 136 2601 1196 2698; baseline 0.004 -33"><span class='ocrx_word' id='word_1_121' title='bbox 136 2601 210 2690; x_wconf 86' lang='lat' dir='ltr'>ue),</span> <span class='ocrx_word' id='word_1_122' title='bbox 241 2606 424 2697; x_wconf 89' lang='lat' dir='ltr'>Lipsiensi,</span> <span class='ocrx_word' id='word_1_123' title='bbox 462 2606 643 2698; x_wconf 85' lang='lat' dir='ltr'>Principe,</span> <span class='ocrx_word' id='word_1_124' title='bbox 683 2607 832 2698; x_wconf 86' lang='lat' dir='ltr'>itemque</span> <span class='ocrx_word' id='word_1_125' title='bbox 858 2630 877 2670; x_wconf 83' lang='lat' dir='ltr'>a</span> <span class='ocrx_word' id='word_1_126' title='bbox 901 2629 1001 2670; x_wconf 88' lang='lat' dir='ltr'>manu</span> <span class='ocrx_word' id='word_1_127' title='bbox 1025 2605 1134 2697; x_wconf 84' lang='lat' dir='ltr'>primu</span> <span class='ocrx_word' id='word_1_128' title='bbox 1161 2604 1196 2669; x_wconf 93' lang='lat' dir='ltr'>in</span> 
     </span>
     <span class='ocr_line' id='line_1_22' title="bbox 135 2711 1196 2815; baseline 0.005 -35"><span class='ocrx_word' id='word_1_129' title='bbox 135 2711 233 2787; x_wconf 75' lang='lat' dir='ltr'>lutere</span> <span class='ocrx_word' id='word_1_130' title='bbox 261 2719 328 2814; x_wconf 86' lang='lat' dir='ltr'>legi</span> <span class='ocrx_word' id='word_1_131' title='bbox 356 2716 532 2812; x_wconf 82' lang='lat' dir='ltr'>lnddsque,</span> <span class='ocrx_word' id='word_1_132' title='bbox 573 2720 665 2814; x_wconf 88' lang='lat' dir='ltr'>quod</span> <span class='ocrx_word' id='word_1_133' title='bbox 699 2745 767 2788; x_wconf 92' lang='lat' dir='ltr'>non</span> <span class='ocrx_word' id='word_1_134' title='bbox 794 2721 904 2788; x_wconf 86' lang='lat' dir='ltr'>habeo</span> <span class='ocrx_word' id='word_1_135' title='bbox 938 2719 1109 2815; x_wconf 87' lang='lat' dir='ltr'>quomodo</span> <span class='ocrx_word' id='word_1_136' title='bbox 1138 2746 1196 2787; x_wconf 59' lang='lat' dir='ltr'>exa</span> 
     </span>
     <span class='ocr_line' id='line_1_23' title="bbox 135 2825 1196 2930; baseline 0.012 -42"><span class='ocrx_word' id='word_1_137' title='bbox 135 2825 258 2916; x_wconf 86' lang='lat' dir='ltr'>dicem,</span> <span class='ocrx_word' id='word_1_138' title='bbox 280 2837 343 2902; x_wconf 91' lang='lat' dir='ltr'>nisi</span> <span class='ocrx_word' id='word_1_139' title='bbox 369 2856 405 2902; x_wconf 87' lang='lat' dir='ltr'>ut</span> <span class='ocrx_word' id='word_1_140' title='bbox 432 2862 472 2902; x_wconf 88' lang='lat' dir='ltr'>ex</span> <span class='ocrx_word' id='word_1_141' title='bbox 498 2837 717 2902; x_wconf 87' lang='lat' dir='ltr'>vetustissima</span> <span class='ocrx_word' id='word_1_142' title='bbox 744 2834 876 2930; x_wconf 84' lang='lat' dir='ltr'>linguae</span> <span class='ocrx_word' id='word_1_143' title='bbox 902 2854 1009 2902; x_wconf 84' lang='lat' dir='ltr'>aetate</span> <span class='ocrx_word' id='word_1_144' title='bbox 1036 2855 1196 2928; x_wconf 83' lang='lat' dir='ltr'>repetem,</span> 
     </span>
     <span class='ocr_line' id='line_1_24' title="bbox 135 2947 1196 3045; baseline 0.001 -29"><span class='ocrx_word' id='word_1_145' title='bbox 135 2947 204 3017; x_wconf 65' lang='lat' dir='ltr'>*ttius</span> <span class='ocrx_word' id='word_1_146' title='bbox 229 2976 298 3017; x_wconf 90' lang='lat' dir='ltr'>non</span> <span class='ocrx_word' id='word_1_147' title='bbox 323 2950 408 3018; x_wconf 89' lang='lat' dir='ltr'>adeo</span> <span class='ocrx_word' id='word_1_148' title='bbox 434 2979 540 3044; x_wconf 86' lang='lat' dir='ltr'>pauca</span> <span class='ocrx_word' id='word_1_149' title='bbox 572 2952 706 3044; x_wconf 82' lang='lat' dir='ltr'>vestigia</span> <span class='ocrx_word' id='word_1_150' title='bbox 732 2953 766 3017; x_wconf 93' lang='lat' dir='ltr'>in</span> <span class='ocrx_word' id='word_1_151' title='bbox 793 2953 926 3045; x_wconf 88' lang='lat' dir='ltr'>optimis</span> <span class='ocrx_word' id='word_1_152' title='bbox 952 2951 1045 3018; x_wconf 83' lang='lat' dir='ltr'>libris</span> <span class='ocrx_word' id='word_1_153' title='bbox 1072 2953 1196 3020; x_wconf 88' lang='lat' dir='ltr'>Plauti·</span> 
     </span>
     <span class='ocr_line' id='line_1_25' title="bbox 135 3050 1195 3161; baseline 0.005 -33"><span class='ocrx_word' id='word_1_154' title='bbox 135 3061 170 3128; x_wconf 77' lang='lat' dir='ltr'>lis</span> <span class='ocrx_word' id='word_1_155' title='bbox 192 3066 351 3136; x_wconf 86' lang='lat' dir='ltr'>resident.</span> <span class='ocrx_word' id='word_1_156' title='bbox 414 3067 485 3135; x_wconf 91' lang='lat' dir='ltr'>Sed</span> <span class='ocrx_word' id='word_1_157' title='bbox 511 3085 702 3161; x_wconf 81' lang='lat' dir='ltr'>argumenta</span> <span class='ocrx_word' id='word_1_158' title='bbox 724 3067 864 3161; x_wconf 89' lang='lat' dir='ltr'>quidem</span> <span class='ocrx_word' id='word_1_159' title='bbox 889 3070 1074 3136; x_wconf 84' lang='lat' dir='ltr'>acrosticha</span> <span class='ocrx_word' id='word_1_160' title='bbox 1099 3050 1195 3135; x_wconf 83' lang='lat' dir='ltr'>Plau·</span> 
     </span>
     <span class='ocr_line' id='line_1_26' title="bbox 135 3170 1194 3278; baseline 0.007 -34"><span class='ocrx_word' id='word_1_161' title='bbox 135 3170 189 3248; x_wconf 84' lang='lat' dir='ltr'>inis</span> <span class='ocrx_word' id='word_1_162' title='bbox 214 3182 333 3248; x_wconf 84' lang='lat' dir='ltr'>fabulis</span> <span class='ocrx_word' id='word_1_163' title='bbox 360 3185 552 3276; x_wconf 86' lang='lat' dir='ltr'>praemissa,</span> <span class='ocrx_word' id='word_1_164' title='bbox 579 3182 678 3277; x_wconf 78' lang='lat' dir='ltr'>quale</span> <span class='ocrx_word' id='word_1_165' title='bbox 697 3183 782 3250; x_wconf 91' lang='lat' dir='ltr'>illud</span> <span class='ocrx_word' id='word_1_166' title='bbox 796 3202 845 3251; x_wconf 90' lang='lat' dir='ltr'>est</span> <span class='ocrx_word' id='word_1_167' title='bbox 860 3185 1094 3264; x_wconf 85' lang='lat' dir='ltr'>Mostellariae,</span> <span class='ocrx_word' id='word_1_168' title='bbox 1120 3186 1194 3278; x_wconf 87' lang='lat' dir='ltr'>quis</span> 
     </span>
     <span class='ocr_line' id='line_1_27' title="bbox 135 3278 1192 3393; baseline 0.005 -32"><span class='ocrx_word' id='word_1_169' title='bbox 135 3296 246 3364; x_wconf 73' lang='lat' dir='ltr'>andem</span> <span class='ocrx_word' id='word_1_170' title='bbox 273 3296 396 3365; x_wconf 86' lang='lat' dir='ltr'>adduci</span> <span class='ocrx_word' id='word_1_171' title='bbox 421 3301 548 3391; x_wconf 84' lang='lat' dir='ltr'>poterit</span> <span class='ocrx_word' id='word_1_172' title='bbox 572 3318 608 3366; x_wconf 85' lang='lat' dir='ltr'>ut</span> <span class='ocrx_word' id='word_1_173' title='bbox 634 3324 709 3366; x_wconf 90' lang='lat' dir='ltr'>cum</span> <span class='ocrx_word' id='word_1_174' title='bbox 729 3278 846 3392; x_wconf 84' lang='lat' dir='ltr'>Lingio</span> <span class='ocrx_word' id='word_1_175' title='bbox 869 3302 999 3384; x_wconf 84' lang='lat' dir='ltr'>Quaest.</span> <span class='ocrx_word' id='word_1_176' title='bbox 1025 3298 1133 3367; x_wconf 82' lang='lat' dir='ltr'>Pluut.</span> <span class='ocrx_word' id='word_1_177' title='bbox 1159 3327 1192 3393; x_wconf 87' lang='lat' dir='ltr'>p.</span> 
     </span>
     <span class='ocr_line' id='line_1_28' title="bbox 135 3410 1193 3507; baseline -0.001 -28"><span class='ocrx_word' id='word_1_178' title='bbox 135 3410 159 3479; x_wconf 72' lang='lat' dir='ltr'>ll</span> <span class='ocrx_word' id='word_1_179' title='bbox 186 3438 233 3506; x_wconf 90' lang='lat' dir='ltr'>sq.</span> <span class='ocrx_word' id='word_1_180' title='bbox 261 3415 302 3478; x_wconf 91' lang='lat' dir='ltr'>ab</span> <span class='ocrx_word' id='word_1_181' title='bbox 328 3415 401 3506; x_wconf 88' lang='lat' dir='ltr'>ipso</span> <span class='ocrx_word' id='word_1_182' title='bbox 428 3413 543 3480; x_wconf 78' lang='lat' dir='ltr'>Plauto</span> <span class='ocrx_word' id='word_1_183' title='bbox 569 3414 721 3507; x_wconf 84' lang='lat' dir='ltr'>profecta</span> <span class='ocrx_word' id='word_1_184' title='bbox 748 3412 925 3500; x_wconf 79' lang='lat' dir='ltr'>credat*)?</span> <span class='ocrx_word' id='word_1_185' title='bbox 975 3414 1109 3481; x_wconf 84' lang='lat' dir='ltr'>Plautus</span> <span class='ocrx_word' id='word_1_186' title='bbox 1135 3440 1193 3479; x_wconf 81' lang='lat' dir='ltr'>au-</span> 
     </span>
     <span class='ocr_line' id='line_1_29' title="bbox 135 3528 1192 3622; baseline 0.003 -31"><span class='ocrx_word' id='word_1_187' title='bbox 135 3541 178 3592; x_wconf 70' lang='lat' dir='ltr'>tur</span> <span class='ocrx_word' id='word_1_188' title='bbox 205 3553 304 3620; x_wconf 84' lang='lat' dir='ltr'>quam</span> <span class='ocrx_word' id='word_1_189' title='bbox 330 3528 429 3595; x_wconf 84' lang='lat' dir='ltr'>fuerit</span> <span class='ocrx_word' id='word_1_190' title='bbox 462 3529 497 3594; x_wconf 92' lang='lat' dir='ltr'>in</span> <span class='ocrx_word' id='word_1_191' title='bbox 524 3529 589 3596; x_wconf 91' lang='lat' dir='ltr'>hoc</span> <span class='ocrx_word' id='word_1_192' title='bbox 616 3555 736 3622; x_wconf 88' lang='lat' dir='ltr'>genere</span> <span class='ocrx_word' id='word_1_193' title='bbox 762 3546 859 3595; x_wconf 84' lang='lat' dir='ltr'>tenax</span> <span class='ocrx_word' id='word_1_194' title='bbox 886 3528 1025 3622; x_wconf 85' lang='lat' dir='ltr'>pluralis</span> <span class='ocrx_word' id='word_1_195' title='bbox 1050 3530 1192 3607; x_wconf 84' lang='lat' dir='ltr'>numeri,</span> 
     </span>
     <span class='ocr_line' id='line_1_30' title="bbox 135 3631 1192 3738; baseline 0.002 -31"><span class='ocrx_word' id='word_1_196' title='bbox 135 3631 242 3709; x_wconf 65' lang='lat' dir='ltr'>&#39;uratia</span> <span class='ocrx_word' id='word_1_197' title='bbox 269 3670 405 3737; x_wconf 87' lang='lat' dir='ltr'>qunque</span> <span class='ocrx_word' id='word_1_198' title='bbox 429 3634 592 3738; x_wconf 85' lang='lat' dir='ltr'>loquendi</span> <span class='ocrx_word' id='word_1_199' title='bbox 619 3645 723 3713; x_wconf 77' lang='lat' dir='ltr'>formu</span> <span class='ocrx_word' id='word_1_200' title='bbox 750 3663 893 3738; x_wconf 81' lang='lat' dir='ltr'>apparet</span> <span class='ocrx_word' id='word_1_201' title='bbox 913 3645 955 3712; x_wconf 87' lang='lat' dir='ltr'>ad</span> <span class='ocrx_word' id='word_1_202' title='bbox 970 3645 1070 3726; x_wconf 92' lang='lat' dir='ltr'>illius,</span> <span class='ocrx_word' id='word_1_203' title='bbox 1094 3669 1192 3737; x_wconf 81' lang='lat' dir='ltr'>quum</span> 
     </span>
     <span class='ocr_line' id='line_1_31' title="bbox 135 3759 1193 3840; baseline 0.003 -17"><span class='ocrx_word' id='word_1_204' title='bbox 135 3760 331 3837; x_wconf 74' lang='lat' dir='ltr'>tentavimus,</span> <span class='ocrx_word' id='word_1_205' title='bbox 359 3759 610 3827; x_wconf 88' lang='lat' dir='ltr'>similitudinem</span> <span class='ocrx_word' id='word_1_206' title='bbox 638 3761 729 3829; x_wconf 85' lang='lat' dir='ltr'>facta.</span> <span class='ocrx_word' id='word_1_207' title='bbox 781 3762 943 3829; x_wconf 74' lang='lat' dir='ltr'>Rudentis</span> <span class='ocrx_word' id='word_1_208' title='bbox 969 3762 1057 3829; x_wconf 86' lang='lat' dir='ltr'>enim</span> <span class='ocrx_word' id='word_1_209' title='bbox 1083 3761 1143 3839; x_wconf 89' lang='lat' dir='ltr'>Ill,</span> <span class='ocrx_word' id='word_1_210' title='bbox 1160 3761 1193 3840; x_wconf 82' lang='grc'>5,</span> 
     </span>
     <span class='ocr_line' id='line_1_32' title="bbox 137 3875 889 3964; baseline 0.001 -22"><span class='ocrx_word' id='word_1_211' title='bbox 137 3875 159 3942; x_wconf 75' lang='lat'><strong>2</strong></span> <span class='ocrx_word' id='word_1_212' title='bbox 184 3875 285 3941; x_wconf 83' lang='lat' dir='ltr'>dixit:</span> <span class='ocrx_word' id='word_1_213' title='bbox 887 3958 889 3964; x_wconf 27' lang='grc' dir='ltr'>Ι</span> 
     </span>
     <span class='ocr_line' id='line_1_33' title="bbox 211 3986 920 4084; baseline -0.003 -26"><span class='ocrx_word' id='word_1_214' title='bbox 211 3989 253 4058; x_wconf 86' lang='lat' dir='ltr'>Si</span> <span class='ocrx_word' id='word_1_215' title='bbox 278 3986 311 4056; x_wconf 84' lang='lat' dir='ltr'>te&#39;</span> <span class='ocrx_word' id='word_1_216' title='bbox 335 4016 406 4057; x_wconf 86' lang='lat' dir='ltr'>non</span> <span class='ocrx_word' id='word_1_217' title='bbox 432 3992 529 4058; x_wconf 83' lang='lat' dir='ltr'>ludos</span> <span class='ocrx_word' id='word_1_218' title='bbox 546 3987 719 4084; x_wconf 81' lang='lat' dir='ltr'>pe&#39;ssumos</span> <span class='ocrx_word' id='word_1_219' title='bbox 744 3986 920 4058; x_wconf 78' lang='lat' dir='ltr'>diruisero:</span> 
     </span>
     <span class='ocr_line' id='line_1_34' title="bbox 135 4102 1193 4200; baseline 0 -29"><span class='ocrx_word' id='word_1_220' title='bbox 135 4130 152 4170; x_wconf 76' lang='lat' dir='ltr'>a</span> <span class='ocrx_word' id='word_1_221' title='bbox 181 4109 269 4172; x_wconf 88' lang='lat' dir='ltr'>enim</span> <span class='ocrx_word' id='word_1_222' title='bbox 294 4132 357 4199; x_wconf 90' lang='lat' dir='ltr'>pro</span> <span class='ocrx_word' id='word_1_223' title='bbox 382 4133 452 4174; x_wconf 83' lang='lat' dir='ltr'>uon</span> <span class='ocrx_word' id='word_1_224' title='bbox 479 4127 513 4176; x_wconf 87' lang='lat' dir='ltr'>te</span> <span class='ocrx_word' id='word_1_225' title='bbox 539 4111 765 4200; x_wconf 76' lang='lat' dir='ltr'>trunsponitur</span> <span class='ocrx_word' id='word_1_226' title='bbox 786 4102 822 4174; x_wconf 89' lang='lat' dir='ltr'>in</span> <span class='ocrx_word' id='word_1_227' title='bbox 835 4107 1064 4175; x_wconf 73' lang='lat' dir='ltr'>Ambrosiam.</span> <span class='ocrx_word' id='word_1_228' title='bbox 1096 4107 1193 4172; x_wconf 88' lang='lat' dir='ltr'>Eius-</span> 
     </span>
    </p>
   </div>
   <div class='ocr_carea' id='block_1_4' title="bbox 162 4370 429 4444">
    <p class='ocr_par' dir='ltr' id='par_1_4' title="bbox 162 4370 429 4444">
     <span class='ocr_line' id='line_1_35' title="bbox 162 4370 429 4444; baseline -0.004 -19"><span class='ocrx_word' id='word_1_229' title='bbox 162 4375 188 4444; x_wconf 75' lang='lat'>·)</span> <span class='ocrx_word' id='word_1_230' title='bbox 208 4370 275 4425; x_wconf 88' lang='lat' dir='ltr'>Vide</span> <span class='ocrx_word' id='word_1_231' title='bbox 293 4371 359 4426; x_wconf 74' lang='lat' dir='ltr'>llius.</span> <span class='ocrx_word' id='word_1_232' title='bbox 374 4373 429 4427; x_wconf 77' lang='grc' dir='ltr'>ΧΗ.</span> 
     </span>
    </p>
   </div>
   <div class='ocr_carea' id='block_1_5' title="bbox 0 0 1440 4942">
    <p class='ocr_par' dir='ltr' id='par_1_5' title="bbox 0 0 1440 4942">
     <span class='ocr_line' id='line_1_36' title="bbox 0 0 1440 4942; baseline 0 0"><span class='ocrx_word' id='word_1_233' title='bbox 0 0 1440 4942; x_wconf 95' lang='lat' dir='ltr'> </span> 
     </span>
    </p>
   </div>
  </div>
 </body>
</html>
