2872 4942
499 310 519 351 s

158 378 230 452 3⁴6
391 410 419 450 v.
445 408 488 450 nn
515 406 620 452 acrae
647 411 813 454 rasurum
840 410 1006 458 raucone.

260 581 371 672 Quam
396 605 485 674 quae
509 583 692 674 longorum
715 585 847 651 vehitur
874 590 1003 651 cervice
1027 584 1207 675 Syrorum.-

159 715 193 764 et
217 695 380 764 Martialis
403 696 463 776 IX,
490 700 523 777 2,
553 703 614 766 ll:

259 812 348 879 Octo
373 810 474 902 Syris
494 804 635 901 suffulta
660 813 766 880 datur
792 814 914 880 lectica
934 814 1086 907 puellae:

161 880 319 1023 neh
344 928 402 1006 tx,
428 930 487 1009 aa,
513 929 554 997 o:

257 1045 304 1111 Et
330 1048 552 1110 canusinatus
578 1062 698 1110 nostro
724 1045 833 1135 Syrus
858 1070 973 1112 assere
991 1048 1116 1114 sudet:

160 1159 275 1255 quode
313 1177 390 1253 post
416 1160 568 1252 Lipsium
600 1160 704 1227 Elect
729 1161 756 1240 Ι,
785 1160 830 1231 19
855 1188 873 1226 a
900 1164 1092 1256 Boettigero
1119 1162 1237 1229 dictum

160 1277 303 1345 Sabinae
329 1301 364 1368 p.
389 1273 462 1345 444
489 1301 563 1368 sqq.
615 1276 685 1343 Nec
721 1278 836 1370 inepte
871 1278 937 1346 huc
963 1279 1138 1346 Ciceronis
1162 1262 1239 1344 illud

160 1392 358 1472 transferas,
394 1391 487 1484 quod
521 1408 625 1456 natas
655 1396 814 1457 servituti
844 1398 1006 1460 nationes
1035 1393 1187 1461 Iudaeos
1208 1408 1238 1459 et

161 1508 271 1601 Syros
295 1507 478 1600 appellavit
503 1532 551 1575 or.
575 1506 619 1573 de
644 1510 796 1600 provinc.
824 1533 915 1576 cons.
943 1536 971 1576 c.
994 1512 1028 1588 5,
1049 1510 1070 1598 §
1098 1515 1163 1590 10,
1191 1508 1236 1577 vel

162 1624 256 1721 quod
282 1630 320 1691 in
342 1625 452 1690 lsortis
477 1628 849 1716 operosissimum
880 1625 1018 1716 Syriam
1044 1625 1171 1692 Plinius
1194 1623 1237 1689 di-

162 1745 209 1810 xit
232 1741 273 1808 N.
299 1742 340 1806 H.
362 1742 437 1820 XX,
466 1767 493 1806 e.
519 1743 552 1819 5,
577 1742 707 1806 tametsi
734 1741 799 1808 hoc
826 1766 899 1807 esse
930 1743 1121 1837 ambiguum
1147 1742 1239 1808 senti-

161 1882 245 1924 murs.
295 1859 385 1951 Ergo
416 1859 493 1924 satis
523 1881 656 1923 caussae
687 1858 860 1924 inventum
894 1880 966 1924 esse
1002 1857 1106 1926 latino
1128 1874 1237 1952 poetae

163 1974 282 2067 potuit,
319 1997 380 2040 cur
403 1974 582 2066 patientius
610 1975 706 2039 etiam
734 1998 841 2064 genus
866 1973 1037 2040 hominum
1060 1974 1237 2067 Cam'panos

163 2090 291 2158 diceret
316 2112 407 2156 esse:
433 2089 499 2156 hoe
521 2087 660 2181 quidem
676 2107 789 2182 aperta
807 2089 983 2156 cavillandi
999 2090 1237 2197 significatIone,

164 2230 238 2272 cam
265 2203 357 2271 nullo
383 2226 520 2297 prorsus
548 2206 730 2270 sententiae
755 2203 888 2271 vinculo
922 2230 1017 2272 suum
1050 2227 1238 2298 responsum

165 2320 275 2388 Philto
301 2320 433 2388 Stasimi
456 2321 565 2385 verbis
591 2321 754 2400 nexuerit,
780 2344 894 2386 suerum
916 2297 1088 2386 liberrima
1102 2321 1238 2388 oratioue

166 2438 371 2530 opposueriu
398 2438 516 2528 Neque
532 2435 620 2501 enim
639 2435 825 2502 Philtonem
841 2427 990 2502 uelut'sie
1010 2438 1100 2503 serio
1123 2435 1240 2503 ratioci-

166 2573 300 2620 nantem
318 2552 452 2619 Plantus
475 2553 570 2619 fecit:
598 2576 669 2619 nou
692 2553 880 2644 persuades
904 2558 970 2619 isto
996 2553 1131 2647 quidem
1150 2575 1240 2643 arget-

167 2687 304 2749 men-to,·
330 2694 411 2734 nam
432 2674 464 2734 si
488 2692 560 2734 non
579 2658 757 2759 'reficiunt
782 2669 876 2760 Syri,
903 2675 939 2734 iu
962 2687 1121 2762 promptu
1140 2687 1240 2735 tamen

166 2802 248 2850 suut
271 2786 375 2851 mzslto
402 2791 504 2852 etiam
528 2784 768 2851 laboriosiores
794 2787 980 2878 Campani,
1016 2802 1052 2852 ut
1088 2785 1175 2851 nilnl
1194 2786 1241 2854 sit,

169 2924 230 2964 cur
266 2899 415 2964 oblatum
460 2901 542 2966 ntiln'
575 2924 697 2990 agriam
739 2896 908 2980 recusem,-
942 2904 1043 2968 immo
1077 2901 1160 2966 nihil
1186 2902 1239 2964 Iam

169 3015 278 3106 ipsum
305 3041 418 3109 agrum
445 3018 632 3108 respiciens
660 3016 701 3081 de
728 3015 888 3107 Syrorum
914 3035 1041 3083 tantum
1066 3019 1133 3083 sive
1158 3010 1241 3081 laude

170 3125 340 3199 sive'labe
365 3157 461 3198 servo
489 3156 591 3198 senex
619 3130 815 3223 obloquitur
841 3134 1046 3225 simpliciter.
1076 3132 1174 3218 Quod
1197 3154 1241 3196 au·
1288 3204 1291 3215 Ι

171 3246 377 3338 tem'viginti
403 3266 480 3340 post
506 3249 598 3312 annis
624 3247 746 3338 frigere
776 3248 939 3314 eiusmodi
960 3250 1149 3315 irrisionem
1162 3246 1243 3317 Win-

171 3363 406 3447 disehmannus
434 3363 573 3442 dixerat,
600 3361 636 3426 id
660 3363 706 3428 sic
730 3361 861 3428 elevare
888 3363 980 3429 idem
1007 3363 1066 3429 ille
1088 3362 1242 3430 Naudetus

171 3480 305 3560 studuit,
334 3499 369 3546 ut
390 3479 592 3571 perdurasse
606 3479 693 3542 inter
704 3478 867 3545 Romanos
883 3481 1131 3572 Campanorum
1146 3477 1240 3545 odium

171 3612 376 3661 asseveraret
405 3596 543 3685 eiusque
579 3595 734 3658 reiteste
761 3595 853 3660 Livio
882 3612 1038 3661 uteretur.
1092 3595 1179 3679 Quid
1200 3613 1243 3655 eu·

171 3728 239 3776 tem
265 3709 369 3775 illel.
393 3710 583 3789 XXXVIII,
611 3737 638 3778 c.
658 3707 730 3778 36?
784 3711 978 3803 Campanos
1003 3731 1116 3778 narrat
1140 3702 1241 3776 alfii,

173 3850 248 3890 cum
274 3848 331 3890 eos
357 3849 401 3888 cx
427 3824 492 3891 SC.
517 3824 609 3916 qtsod
624 3828 766 3911 suctum
793 3843 881 3890 esset
903 3831 1020 3917 priore
1047 3851 1156 3902 araizo,
1182 3841 1241 3888 cen·

173 3964 268 4005 sores
293 3939 423 4006 Romae
450 3944 585 4004 censeri
607 3945 799 4030 coegissent
835 3941 930 4026 (isam
963 3959 1070 4006 antea
1095 3947 1242 4007 incertum

107 4024 112 4052 l
166 4061 282 4140 suis-se
308 4055 365 4120 nlrs'
390 4056 640 4135 cetrserentur),
672 4063 856 4147 petissent
882 4057 1059 4124 sibicives
1088 4059 1245 4125 Romans

177 4171 299 4236 ducere
323 4197 445 4237 uxores
471 4173 608 4247 liceret,
648 4200 786 4265 casuque
826 4199 896 4238 rem
931 4179 1152 4266 impetratum.
1177 4188 1244 4238 esse·

179 4286 314 4351 Iliscine
348 4313 426 4354 vero
463 4287 548 4353 odii
580 4288 825 4380 perennitatem
856 4292 999 4381 scriptor
1027 4289 1186 4356 testatur?
1215 4302 1249 4345 ³1¹

180 4426 414 4492 poenarum
441 4423 566 4470 tantum
585 4405 716 4470 illarum
731 4409 992 4487 continuitatem,
1009 4434 1095 4499 quac
1108 4408 1151 4473 de
1166 4405 1255 4470 Cau*
