2872 4942
506 385 646 429 tuumne
673 387 916 428 rnueu'rnmu.
990 368 998 378 '
1196 363 1267 432 585

165 504 167 511 ,
208 482 223 507 ι.

175 581 294 630 terum.
312 559 456 652 aliquam
486 559 668 626 editionum
705 558 781 624 dict.
841 561 1021 624 Praeterea
1057 559 1139 652 sugit
1172 561 1265 624 Doe-

176 677 345 743 derlinum
373 676 510 769 eopiosa
533 676 576 741 ‹le
613 677 733 742 eadem
759 675 815 740 itta
843 702 939 741 scena
977 677 1015 741 G.
1043 676 1081 738 H.
1111 675 1266 739 thucrti

178 770 373 884 disputatio,
392 766 586 859 'nitateaon
615 794 690 858 hist.
719 811 751 858 et
775 791 891 884 phita
912 791 1024 882 pll97
1044 790 1086 857 ad
1099 788 1178 866 904,
1208 792 1266 882 qui

178 909 277 972 etiam
306 906 577 973 emendationem
615 907 782 999 quandam
819 932 912 972 suam
937 907 1269 997 'corruptissimormn

180 1049 262 1090 sane
303 1048 455 1090 versuum
492 1026 669 1114 proposuit
701 1024 976 1114 propositamque
1015 1006 1269 1098 commendavit,

181 1139 226 1204 de
254 1167 319 1232 qua
346 1139 429 1231 quid
463 1141 504 1204 sit
539 1139 750 1204 sentiendum
786 1137 925 1230 posthac
962 1131 1145 1228 apparebit.
1203 1140 1268 1201 Po-

180 1272 308 1321 stremo
340 1280 382 1320 ne
418 1256 540 1321 Donati
580 1253 717 1346 quidem
755 1272 787 1319 et
821 1254 1004 1345 Etigraphii
1039 1251 1268 1318 Doedcrliuus

179 1372 387 1437 mentionem
413 1372 511 1450 fecit,
552 1395 636 1461 quos
672 1395 739 1436 non
771 1369 880 1434 dubiis
917 1370 1112 1435 testimoniis
1144 1386 1272 1435 constat

181 1484 329 1552 eosdem
353 1485 532 1551 versiculos
555 1503 628 1551 ante
655 1484 770 1551 oculos
787 1485 963 1550 'habuisse

310 1617 394 1684 Sunt
419 1633 529 1682 autem
557 1617 621 1708 ipsi
647 1641 759 1682 versus
787 1616 843 1694 hi,
878 1639 961 1708 quos
988 1616 1074 1680 insra
1100 1617 1271 1706 posuimus

183 1732 230 1799 ad
257 1732 447 1824 exemplum
474 1732 675 1798 Doederlini
702 1737 873 1824 repetitos.

517 1877 926 1974 pamphylus.

196 2066 199 2072 '
283 2051 331 2116 Te
357 2047 605 2140 exspectabam.
642 2065 692 2112 est
716 2045 760 2112 de
794 2062 854 2110 tua
879 2070 916 2110 re
938 2045 1031 2136 quod
1062 2071 1168 2136 agere
1205 2073 1270 2138 ego
1329 2129 1332 2134 ι

705 2163 706 2166 ’
783 2177 893 2225 tecum
920 2160 1003 2226 volo.

290 2278 438 2368 Operam
462 2275 546 2341 dedi
566 2300 611 2340 ue
636 2299 688 2340 me
715 2300 786 2340 esse
814 2275 954 2341 oblitum
971 2273 1066 2341 dicas
1091 2293 1171 2341 tuac
1183 2302 1273 2366 gna-

504 2378 512 2396 ⁸
781 2407 838 2456 tae
863 2391 1013 2456 alterae:

288 2504 366 2573 Tibi
397 2530 449 2569 me
487 2510 610 2598 opinor
644 2511 814 2573 iuvenisse
849 2505 1047 2598 dignatate
1078 2523 1181 2601 atqie
1205 2507 1273 2574 illa.

780 2648 837 2688 rer

287 2736 385 2800 Perii
408 2738 504 2803 Dare
530 2739 574 2803 da
599 2765 671 2804 uteo
698 2764 815 2805 autore
837 2764 879 2805 aa
906 2743 975 2803 vita
999 2764 1075 2805 sors
1101 2741 1240 2806 tollitur.

241 2854 264 2922 5
289 2852 370 2918 Noa
411 2870 498 2920 reove
533 2845 640 2921 istaec
674 2861 722 2921 mi
750 2854 907 2921 condicio
944 2873 996 2920 cst
1027 2859 1060 2921 si
1099 2857 1274 2924 voluissem

177 3050 185 3059 .
239 2946 244 2957 .
786 2971 973 3063 Pamphile.

140 3064 205 3119 η’
292 3087 414 3153 Occidi
437 3088 534 3160 Dare
560 3069 663 3151 ¹nitate
686 3089 787 3179 perii,
815 3085 852 3152 id
877 3084 1095 3177 qttamobrem
1118 3102 1191 3154 aon
1218 3113 1274 3155 νο-

688 3218 721 3307 ·3,
785 3202 834 3266 lui
857 3203 1007 3297 eloquar.

293 3317 374 3383 Non
398 3321 520 3383 iccirco
546 3317 639 3410 qttod
656 3326 731 3383 etim
751 3323 893 3384 ontuiuo
918 3318 1058 3407 affinem
1083 3326 1132 3385 mi
1152 3322 1275 3387 nollem

783 3435 858 3499 laem
884 3452 970 3504 tace.

293 3549 365 3616 Sed
390 3554 547 3615 amicicia
574 3567 717 3627 nostra,
752 3575 838 3642 quae
867 3569 918 3618 est
951 3580 974 3617 a
999 3551 1154 3644 patribus
1179 3551 1277 3618 nobis
1334 3602 1339 3623 .

788 3669 930 3734 tradita.

294 3784 376 3848 Noa
390 3783 539 3873 aliquam
552 3800 687 3875 partem
700 3784 809 3850 studii
827 3785 1012 3850 adductam
1027 3785 1131 3850 ‘tradi
1152 3783 1274 3851 liberis.

225 3902 270 3968 10
297 3901 399 3966 Nunc
425 3922 498 3964 cum
524 3902 620 3988 copia
646 3924 688 3964 ac
702 3905 860 3986 fortuna
884 3906 1017 3994 utrique
1044 3920 1080 3968 ut
1115 3903 1276 3994 obsequti·-

789 4034 883 4081 retur
909 4017 1013 4082 dedit.

297 4132 408 4197 Detur
433 4130 652 4218 benefactum
675 4130 732 4197 abi
756 4149 858 4225 atque
884 4134 1015 4199 homini
1038 4160 1106 4226 age
1132 4142 1274 4227 gratias.

791 4249 900 4316 salves
928 4249 1087 4317 Clu'emes

298 4359 494 4430 Amicorma
518 4389 667 4431 meorum
694 4369 842 4432 omnium
868 4368 970 4434 miclti
995 4373 1163 4460 agissimc.
