2872 4942
433 361 465 402 ιι.
491 360 533 403 ue
561 360 688 404 cartre
715 360 843 405 rastri.
1134 339 1181 409 51
1265 338 1272 351 ’

143 531 159 595 ri
177 530 304 624 aliquot
328 532 427 597 etiam
452 535 547 599 annis
571 535 675 624 prius,
706 533 835 602 Liviam
861 558 904 601 na
918 560 974 601 nm
1001 535 1182 603 statuimus.

143 646 313 737 posuimus
335 631 446 712 autem
471 647 553 714 haec
579 647 693 740 paulic
719 650 920 729 accuratius,
956 651 1032 742 quia
1060 651 1095 715 in
1122 649 1183 716 de-

143 759 250 827 iendis
268 763 476 852 temporibus
489 764 664 830 Naevianis
691 787 759 851 nun
784 765 862 831 satis
887 763 1066 856 diligenter
1081 788 1183 857 quos-

143 872 177 941 n³
192 893 341 944 vasatos
368 876 521 958 vidimus,
545 899 583 946 ut
606 881 785 946 Krausinm
817 880 976 947 historiae
1001 879 1064 952 litt.
1090 880 1182 947 Rom.

143 988 249 1057 riculo
285 1016 320 1082 p.
350 991 429 1060 1529.
458 993 592 1063 tator
624 992 798 1086 Regclium
835 992 880 1060 de
910 1020 948 1061 re
982 1013 1062 1085 trag.
1089 996 1183 1061 Rom.

146 1103 206 1184 39,
243 1123 280 1170 ut
313 1130 375 1172 eos
408 1107 597 1190 mittamus,
631 1110 691 1202 qui
723 1108 769 1175 dc
794 1108 918 1176 Naevio
954 1135 982 1179 a.
1007 1111 1079 1182 otu
1104 1127 1182 1179 nato

143 1236 285 1284 cuntur.

187 1333 286 1423 Quae
312 1358 388 1399 curn
413 1333 456 1400 ita
480 1352 603 1414 essent,
639 1334 734 1403 niillo
760 1353 868 1405 autem
893 1352 992 1428 pacto
1018 1354 1085 1402 tam
1112 1353 1183 1401 tur-

143 1472 179 1515 er
202 1450 364 1515 memoria
386 1446 500 1541 lapsus
526 1474 598 1516 esse
623 1451 651 1517 is
677 1452 957 1543 scriptur-putari
986 1476 1062 1519 cunt
1083 1455 1184 1519 Devi-

158 1582 298 1656 pusset,
333 1566 425 1631 euius
456 1567 492 1631 in
530 1563 653 1632 eodem
678 1590 803 1659 genere
828 1592 892 1659 por
913 1566 1039 1635 soleret
1070 1567 1183 1633 crudi-

143 1679 172 1744 oi
197 1676 372 1773 diligentia
394 1704 487 1753 esse:
514 1680 606 1766 (narn
629 1680 723 1774 qnod
748 1680 896 1749 eundem
922 1706 1061 1775 prorsus
1076 1706 1183 1769 'erro-

143 1819 163 1859 n
187 1792 392 1861 Knehnerus
419 1797 465 1861 ait
486 1797 528 1861 ab
550 1792 624 1888 ipso
652 1797 819 1865 Cicerone
841 1795 935 1865 Bruti
968 1797 1047 1869 l.·c.
1074 1799 1182 1864 notari

147 1903 250 1988 Attio,
273 1907 309 1975 id
336 1906 475 2001 quidem
496 1912 632 1977 nimium
662 1930 714 1979 est
746 1934 810 1979 nee
833 1911 902 1979 ulio
927 1909 1031 1979 modo
1056 1937 1182 1991 verum,

143 2046 163 2087 n
186 2042 257 2089 non
279 2022 324 2089 sd
347 2025 507 2106 Ennium,
541 2024 602 2093 sed
627 2024 672 2092 ad
697 2025 805 2094 solum
827 2027 956 2095 Livium
983 2027 1064 2095 Attii
1089 2028 1184 2093 testi·
1261 2099 1267 2107 ,

143 2138 238 2205 nium
263 2137 428 2231 spectett)
455 2140 586 2234 triplici
602 2143 816 2235 potissimum
832 2143 883 2209 via
909 2142 959 2208 his
985 2166 1058 2223 sese
1078 2167 1183 2234 angn-

143 2254 348 2347 serpedire
370 2255 581 2324 studuerunt.
631 2258 783 2323 Fuerunt
821 2257 927 2335 enim,
962 2257 1183 2347 quiomnem

143 2393 176 2435 nr
195 2367 306 2435 Plauti
320 2371 505 2463 Naeviiqne
527 2372 735 2438 mentionem
762 2394 804 2437 ex
825 2369 1101 2460 interpolantium
1127 2394 1182 2435 se-

143 2484 225 2551 itste
246 2503 452 2577 repeterent.
506 2490 596 2570 Quos
623 2512 663 2552 ex
689 2504 786 2578 parte
823 2501 962 2576 praeter
989 2503 1102 2549 cetera
1128 2507 1182 2548 at·-

143 2616 241 2707 ppuu
267 2599 332 2666 hoc
359 2604 470 2682 movit,
508 2601 601 2694 quod
628 2603 779 2667 ieiunum
804 2598 905 2692 piane
928 2616 964 2663 ct
988 2597 1183 2690 languidum

143 2712 483 2783 tut..'s‹idita1nentnm
509 2715 596 2783 illud
618 2740 699 2782 esse
732 2717 916 2808 inepteque
952 2712 1027 2782 loco
1056 2698 1183 2780 doctri-

143 2828 208 2897 αἰ
232 2833 400 2923 scriptore
428 2831 574 2898 affectari
596 2832 660 2896 sihi
687 2814 933 2924 persuaserunt
966 2825 1082 2920 ipsum
1108 2826 1183 2893 lan-

143 2962 163 3013 :t
189 2961 225 3011 et
249 2945 392 3036 inertiae
416 2964 484 3028 cst,
519 2970 586 3038 quo
612 2947 699 3013 hanc
721 2945 908 3024 Kuehneri,
933 2944 1072 3023 Kritzii,
1098 2942 1182 3011 aiio-

143 3085 159 3129 ι
196 3061 394 3152 opinionem
430 3081 625 3155 argumento
648 3063 805 3128 Moserus
830 3063 1023 3153 impugnat,
1058 3061 1113 3128 cui
1139 3057 1183 3124 de

143 3200 241 3243 verso
272 3177 341 3245 huc
375 3202 503 3268 genere
535 3176 696 3244 iudicium
733 3176 888 3245 videatur
920 3193 1011 3242 certa
1037 3173 1183 3268 quadam

143 3315 202 3357 ms
225 3292 362 3359 omnino
396 3290 541 3359 destitui:
593 3293 720 3359 Verum
749 3290 813 3358 aliu
845 3292 929 3358 ratio
963 3308 1097 3382 praesto
1134 3305 1184 3355 est

143 3431 193 3498 {ne
224 3425 338 3474 nostra
364 3411 526 3475 sententia
546 3407 800 3487 evidentissima,
827 3433 892 3498 qua
919 3424 1107 3497 temporum
1123 3401 1183 3469 dc-

143 3523 272 3589 n‘onem
294 3521 429 3589 illorum
452 3525 643 3592 universam
671 3523 713 3588 ab
739 3522 915 3589 Ciceronis
946 3518 1087 3588 consilio
1114 3541 1183 3584 non

143 3726 389 3737 .-..——---

186 3830 218 3882 tt
237 3830 351 3883 liitterus
369 3832 512 3883 coniecerit
529 3829 644 3889 invius.
664 3831 743 3898 antiq.
765 3829 832 3882 stud.
851 3843 875 3879 u.
900 3827 965 3878 1841
986 3842 1010 3893 p.
1030 3826 1090 3878 334.
1127 3822 1178 3886 Qui

187 3917 260 3986 quoti
276 3906 329 3970 non
348 3927 408 3970 ante
427 3934 451 3970 a.
471 3918 521 3971 547
551 3916 651 3969 Bellum
677 3917 800 3968 Punicum
820 3914 980 3968 Naeuianum
1004 3926 1064 3964 esst
1083 3908 1181 3962 editum

187 4003 386 4067 demonstravit,
404 4003 430 4055 id
447 4006 531 4071 magis
550 4005 626 4055 etium
646 4002 938 4055 conflrmtrissiceronis
957 3998 1011 4051 itttr
1031 3995 1119 4051 verbis
1129 4011 1181 4064 po·

191 4094 252 4155 tuit,
277 4092 372 4160 quibus
392 4092 468 4144 valde
492 4093 610 4159 gavisum
627 4090 699 4143 bello
720 4104 768 4143 sno
786 4088 885 4143 Punico
904 4086 1031 4139 Naevium
1048 4082 1184 4137 interulis

188 4178 321 4229 ineundae
339 4195 402 4230 sen
413 4194 451 4229 ee
463 4180 553 4230 tutis
574 4176 693 4244 exemplu
712 4183 845 4230 memorat.
857 4174 920 4227 Eut.
939 4174 998 4227 mai.
1017 4174 1029 4244 ς
1040 4171 1084 4225 50.
1112 4170 1195 4228 idem,

184 4267 272 4333 igitur
289 4264 390 4317 Naevio·
408 4266 478 4332 quoti
496 4264 581 4317 Ennio
598 4264 701 4328 recidit,
720 4265 795 4316 cuins
807 4260 922 4315 Anuties
940 4258 1003 4313 item
1022 4258 1185 4335 paucissimis

188 4360 255 4406 tntu
270 4361 380 4407 nonen
400 4354 476 4408 tuuis
494 4340 629 4408 absolutus
649 4366 709 4407 estc
725 4368 743 4405 c
762 4349 841 4405 Gellii
858 4342 943 4416 titt·
957 4349 991 4404 21
1018 4347 1182 4420 perspicitur.
