2872 4942
607 415 828 462 atccntnmvs.
1194 395 1268 468 413
1350 413 1353 420 ’

176 592 331 658 Iuntiuae
366 591 465 656 enim
490 589 645 656 editionis
678 589 912 656 additamentis
948 589 1119 682 profectus
1151 589 1268 657 obscu-

177 734 255 776 rum
283 708 416 774 illorum
438 723 613 773 auctorem
638 707 701 785 ait,
736 710 804 772 nisi
834 709 949 773 inanis
971 706 1106 796 gloriae
1131 723 1192 772 aut
1217 707 1268 771 lu·

179 824 260 889 celii
294 847 382 889 vano
412 820 526 888 studio
555 821 604 887 ad
636 822 700 887 hoc
722 820 899 887 exordium
922 818 1049 890 Plauto
1074 847 1267 919 supponen-

176 937 258 1004 dum
285 939 445 1032 impulsus
468 942 535 1013 sit,
570 963 641 1003 non
667 941 818 1029 potuisse
843 937 947 1002 aliam
972 937 1060 1002 male
1084 937 1195 1003 seduli
1215 939 1267 1005 la·

174 1050 269 1119 boris
297 1076 451 1119 caussam
475 1048 615 1128 hahere,
640 1077 740 1140 quam
766 1052 858 1146 quod
880 1069 1018 1144 poetam
1044 1068 1104 1116 aut
1119 1044 1265 1144 prdbgo

173 1168 411 1262 supersedere,
437 1186 498 1234 aut
521 1193 689 1262 personas
716 1170 769 1244 e'o,
795 1193 892 1260 quem
911 1169 1020 1259 finxit
1042 1191 1198 1232 sermone
1215 1167 1266 1232 lo·
1280 1174 1286 1263 Ἰ

170 1301 318 1379 quentes
342 1288 379 1350 in
393 1274 542 1350 'scenam
566 1285 798 1360 introducere,
824 1301 883 1350 aut
907 1302 1084 1376 utrumque
1107 1294 1178 1348 r'ton
1201 1308 1265 1377 po-

169 1406 277 1466 tuisse
312 1400 553 1470 arbitraretur.
605 1403 723 1494 Itaque
757 1403 904 1493 primum
937 1397 1071 1492 prologi
1104 1402 1265 1492 praemit-

170 1515 270 1583 tendi
311 1515 436 1582 nullam
459 1515 577 1608 'plane
622 1518 853 1583 necessitatem
894 1541 965 1581 esse
1006 1513 1117 1580 studet
1150 1539 1262 1581 earum

170 1631 338 1724 exemplis
363 1631 548 1697 fabularum
575 1631 766 1710 ostendere,
800 1633 835 1695 in
862 1632 983 1723 quibus
1006 1629 1095 1695 illam
1123 1654 1262 1695 consue-

170 1746 325 1814 tudinem
353 1763 451 1837 poeta
478 1748 612 1812 oannino
638 1744 833 1837 neglexerit,
853 1718 1080 1824 deucalionis,
1109 1744 1264 1813 Cistella-

169 1863 259 1940 ritte,
286 1860 437 1955 Epidici,
464 1860 710 1942 Mostellariae,
737 1861 869 1941 Militis,
896 1865 1038 1942 Persae,
1066 1862 1182 1928 Stichi.
1233 1862 1261 1926 E

170 2002 314 2071 quarum
340 2001 481 2042 numero
509 1977 615 2042 statim
643 1977 840 2042 eximendae
867 1976 1055 2044 Cistellaria
1090 2002 1164 2043 cum
1195 1977 1262 2043 Mi·-

168 2091 240 2171 lite,
266 2092 388 2184 quibus
413 2115 481 2157 non
507 2092 579 2157 sine
603 2090 715 2183 alique
739 2092 870 2158 ratione
889 2091 1134 2158 Mostellariam.
1155 2091 1261 2156 iunxit

169 2205 381 2272 Eiehstedius
416 2204 458 2270 de
493 2205 596 2271 drem.
626 2230 710 2272 com.
747 2224 844 2299 satyr.
881 2232 912 2298 p.
946 2210 1030 2276 190:
1064 2208 1259 2299 inquibus

167 2345 237 2387 non
261 2322 395 2387 omnino
414 2320 574 2414 neglexit,
602 2321 663 2417 sed
683 2339 762 2414 post
785 2326 989 2415 principium
1002 2321 1152 2409 fabulae
1176 2346 1259 2413 pro·

167 2435 282 2529 logum
307 2425 479 2512 inducit,
498 2455 687 2502 ceterorum
720 2463 870 2529 magnae
894 2442 1112 2504 atcctoritatis
1136 2454 1258 2529 poeta-

168 2576 243 2618 rum
268 2569 416 2617 veterum
441 2553 606 2644 exemplo,
646 2571 683 2618 ut
707 2554 751 2619 ait
775 2557 925 2620 Donatus
952 2552 1087 2646 praefat.
1115 2569 1195 2618 extr.
1222 2553 1258 2617 in

168 2671 308 2735 Terent.
339 2668 586 2735 Phormionem.
638 2655 762 2736 Contra
796 2668 976 2738 addendae
1010 2669 1121 2761 potius
1155 2692 1258 2761 quae·

167 2782 246 2851 dam
269 2783 411 2862 fabulae,
438 2809 578 2876 quarum
606 2802 696 2850 certe
721 2811 738 2849 a
764 2783 880 2851 Plauto
904 2785 1049 2877 profecti
1076 2809 1148 2850 esse
1174 2806 1258 2874 pro·

167 2898 236 2994 logi
261 2916 443 2992 nequeunt.
459 2897 489 2984 *)
540 2902 614 2968 Nec
641 2924 719 2966 vero
745 2924 798 2965 ex.
815 2905 856 2965 iis
881 2904 1028 2976 caussis,
1047 2924 1108 2967 cur
1119 2898 1257 2986 fabulis

143 3036 145 3041 ⁴
167 3015 342 3081 interdum
363 3015 598 3107 praefandum
623 3041 695 3082 esse
715 3033 838 3108 poetae
856 3021 1025 3109 putarint,
1052 3033 1089 3083 ut
1111 3030 1172 3081 aut
1197 3039 1256 3079 ex·
1347 3007 1349 3013 ’

165 3147 337 3198 cassarent·
354 3156 427 3197 sese
453 3132 787 3222 commendarentve,
824 3149 885 3197 atat
906 3129 1151 3229 spectatogibus
1174 3154 1254 3222 per-

159 3249 296 3340 plexius
317 3265 556 3338 argumentum
580 3264 814 3340 exponerent,
851 3265 909 3313 aut
944 3230 1051 3340 plebis
1083 3270 1169 3337 erga
1201 3245 1254 3318 lu·-

162 3367 314 3431 striones
341 3369 523 3439 iniuriam,
556 3365 707 3456 aliosque
733 3387 914 3456 perversos
939 3386 1050 3430 mores
1075 3374 1253 3436 notarent,

162 3503 318 3574 quaeque
339 3479 456 3573 plures
478 3484 629 3570 cogitari
648 3485 795 3572 possint,
814 3480 918 3563 ullam
933 3480 1046 3547 Rustic
1063 3504 1096 3572 p.
1109 3473 1253 3563 V(110)

163 3596 353 3663 verosimile
388 3613 440 3661 est
461 3596 582 3663 Plauti
611 3600 727 3662 animo
749 3600 794 3663 'in
820 3596 885 3662 itae
907 3594 1038 3684 fabula
1071 3593 1254 3661 scribenda

161 3711 382 3779 obversatam
393 3716 522 3799 fuisse.
569 3713 672 3804 Atqui
699 3714 763 3779 huc
786 3737 884 3779 nemo
910 3737 978 3778 noa
1001 3710 1090 3779 videt
1115 3734 1252 3802 prorsus

159 3827 204 3895 ita
241 3846 469 3920 comparatum
503 3854 592 3909 esse,
627 3844 663 3893 ut
696 3828 784 3894 non'
807 3829 933 3894 maiore
964 3829 1036 3892 iure
1069 3825 1253 3893 affirmetur

161 3964 262 4036 quam
287 3963 438 4037 negetur.
489 3942 589 4013 Vnde
618 3943 708 4008 enim
732 3941 866 4009 tandem
891 3943 989 4008 istam
1010 3966 1100 4007 suam
1121 3941 1251 4008 Rostius
1332 4009 1334 4015 ,

1186 4088 1194 4121 i

212 4263 240 4331 ⁹)
264 4256 320 4309 Boc
339 4274 421 4329 genus
441 4258 508 4310 Dies.
527 4257 564 4310 111
582 4257 713 4326 persecuti
731 4272 828 4309 sumus.
868 4255 1022 4308 Inridenda
1039 4220 1108 4322 suut,
1135 4255 1250 4326 quaeda

265 4344 382 4415 prologis
401 4346 551 4398 comoediae
570 4346 666 4397 latinae
686 4345 812 4396 Badenius
838 4345 865 4394 iu
889 4342 972 4395 lahnii
995 4343 1089 4398 Anasi.
1108 4360 1167 4398 nov,
1186 4342 1251 4415 phil.¹

264 4441 292 4484 et
306 4430 383 4501 med
404 4432 494 4502 suppl.
515 4432 538 4497 t,
553 4447 579 4500 p.
598 4431 648 4484 441
668 4448 725 4501 sqq.
746 4438 932 4484 commentatus
953 4438 1001 4483 est.
