2872 4942
278 340 531 422 uosruttauite
560 378 753 422 attvrtuaa.
988 304 1058 424 &7

366 658 570 749 Caput
620 657 664 725 ΙΙ.
714 614 732 711 i·

392 825 449 887 De
475 821 652 889 lacunis.

464 987 493 1074 5.
533 993 586 1054 t..

143 1160 217 1208 tum
246 1141 290 1208 de
318 1167 396 1210 vero
424 1124 597 1209 scenarum
632 1163 723 1211 aetus
760 1145 847 1211 tertii
882 1146 1059 1237 quartique

143 1284 232 1350 suem
260 1260 472 1340 Ambrosia'ni
486 1261 681 1326 auctoritate
707 1284 844 1353 prorsus
862 1259 1058 1326 confirmare

145 1372 338 1468 eugendum
365 1393 414 1440 est
440 1374 483 1441 ad
509 1374 656 1468 reliquas
684 1375 824 1442 schedas
844 1374 993 1442 eiusdem
1017 1375 1058 1441 li-

147 1493 242 1587 ntius
270 1490 497 1570 excutiendas,
524 1493 592 1557 sive
616 1516 669 1556 eas
689 1494 885 1582 superstites
909 1492 977 1557 sive
997 1490 1059 1557 de·
1103 1581 1105 1584 y

152 1605 294 1701 quando
321 1609 383 1672 hae
411 1630 547 1700 quoque
576 1605 658 1698 quid
686 1605 765 1674 olim
793 1562 1056 1675 continuerinie

143 1750 185 1788 un
215 1724 463 1814 comparatione
482 1721 690 1815 intelligitur,
717 1741 895 1816 postquam
921 1748 1057 1816 magna·
1155 1745 1160 1754 ·

143 1865 214 1904 rum
246 1842 418 1906 turbarum
449 1840 630 1906 immunem
661 1839 761 1906 fuisse
793 1839 1054 1906 Ambrosianum

142 2089 169 2135 1t
195 2071 236 2135 ab
263 2070 302 2136 iis
330 2069 509 2149 ordiamur,
528 2095 614 2163 quae
642 2071 839 2162 superstites
866 2088 953 2149 sunt,
981 2095 1056 2161 gra-

143 2211 172 2250 m
200 2187 392 2251 lacunarum
417 2187 543 2252 indicio
570 2185 646 2251 illae
672 2203 766 2265 sunt,
793 2210 874 2278 quas
901 2189 937 2252 M
966 2204 999 2252 et
1026 2186 1056 2269 Q

143 2302 321 2392 gnavimus.
376 2300 469 2366 Illius
497 2301 586 2366 enim
612 2301 731 2394 pagina
745 2299 850 2368 altera
868 2298 969 2388 (448)
998 2325 1055 2366 sex

143 2447 147 2474 ι
173 2418 246 2509 ipso
272 2418 366 2483 initio
394 2442 507 2482 versus
533 2418 623 2483 iuter
654 2441 734 2498 eos,
774 2418 832 2510 qui
865 2441 956 2482 nune
978 2434 1056 2482 suut

143 2534 154 2598 l
189 2532 301 2618 (Heus
327 2556 405 2607 vos,
425 2519 538 2624 pueri)
568 2549 602 2598 et
627 2536 670 2603 31
709 2531 814 2621 (Erus
838 2532 894 2597 laio
919 2528 1051 2616 noster)

143 2632 195 2714 os.
260 2650 410 2732 Quorum
441 2674 597 2715 versuum
628 2672 739 2741 prope
775 2646 913 2715 evanida
952 2649 1054 2714 vesti-

143 2765 300 2830 umbram
328 2763 495 2857 quandam
522 2764 706 2832 litterarum
731 2764 928 2843 referentia,
954 2763 1054 2831 litho-

143 2904 212 2945 ›era
240 2881 485 2971 repraesentari
510 2881 545 2945 in
575 2878 704 2945 adiecta
729 2881 807 2947 huic
839 2883 978 2975 paginae
1005 2878 1053 2946 ta*-
1077 2926 1078 2930 =

143 2998 160 3061 i.
212 2997 239 3060 E
266 2996 386 3088 quihus
414 2997 441 3061 si
470 2997 615 3062 extiterit
647 2998 717 3088 qui,
731 2994 863 3088 voculas
890 2997 1052 3088 probabi-

150 3130 222 3190 oet,
255 3110 408 3177 laetabor
432 3110 668 3204 laudaboque3
705 3109 863 3204 equidem
890 3112 1051 3202 ab'stipeo

163 3229 288 3320 magis,
314 3226 405 3319 quod
432 3225 475 3316 ad
500 3238 692 3293 sermonum
717 3228 941 3319 integritatem
970 3253 1051 3294 eon-

143 3369 229 3437 ]que
255 3343 338 3408 nihil
367 3344 546 3436 quicquam
561 3341 783 3409 desideratur.
817 3343 936 3436 Itaque
956 3346 1049 3453 ioqos

154 3479 187 3526 et
212 3460 342 3525 facetias
359 3453 581 3550 'interpositas
607 3459 822 3551 luisseputo,
850 3458 971 3552 quibui
990 3458 1050 3526 ali-

143 3601 161 3641 r
187 3575 441 3667 Theuropidem
469 3575 592 3641 servoli
615 3574 763 3662 ludibrio
789 3576 964 3656 haberent,
988 3577 1050 3672 sed

155 3708 208 3756 'ut
233 3691 440 3783 petulantior
454 3692 617 3758 Phanisco
646 3715 825 3757 conservus
841 3708 936 3770 esset,
963 3715 1049 3784 quo·

143 3806 201 3873 illo
229 3833 331 3872 senex
355 3803 437 3874 v.34
464 3831 545 3871 nam
571 3823 605 3871 te
630 3808 674 3872 ait
699 3830 772 3871 esse
798 3804 951 3872 arbitror
964 3831 1048 3898 pue-

143 3943 210 3992 ram,
263 3924 358 4013 Ergo.
376 3947 450 3987 eum
475 3924 645 4014 quaerenti
674 3921 764 3986 seni:

143 4059 240 4113 *vos,
263 4042 371 4130 pueri,
398 4036 481 4127 qztid
497 4041 573 4101 istic
592 4038 724 4127 agitis?
748 4039 831 4132 quid
842 4044 926 4105 istas
951 4037 1047 4103 aedis

443 4154 646 4243 frangitis?

143 4265 215 4335 :ale
247 4268 406 4361 quiddam
439 4267 709 4361 respondissent:
746 4269 829 4362 quid
853 4270 891 4336 id
915 4268 963 4334 ad
989 4269 1047 4335 te?

143 4397 248 4467 nera,
282 4408 353 4450 uon
380 4384 543 4461 atiena„
564 4402 606 4453 <et
631 4408 717 4478 quae
745 4387 883 4479 cogitari
907 4369 1049 4478 possunt
