2872 4942
602 361 823 408 arcentutavs.
1180 324 1261 427 flii„

163 541 352 604 omnino
378 561 465 602 non
491 535 660 604 vidisse
688 540 819 602 inimici
843 534 1031 603 iactabant.
1072 540 1171 605 Nono
1189 537 1254 631 igi-

163 671 222 720 tur
247 655 276 720 si
301 652 384 720 licet
409 653 634 720 coniecturam
656 653 770 719 facero
799 674 921 733 exeo,
948 652 1041 746 quod
1066 654 1108 722 sit
1129 654 1254 746 proba-

162 768 261 850 bile,
287 794 411 834 annum
436 769 476 837 V.
501 769 538 835 C.
564 767 637 840 564
663 767 766 834 credo
791 793 866 834 eum
892 767 1023 851 fuisse,
1056 795 1157 861 quem
1184 792 1254 836 nou

165 885 269 979 longo
295 882 469 950 intervallo
497 902 608 950 secuta
644 884 687 948 sit
718 883 786 948 eius
809 882 939 949 fabulae
962 883 1132 961 Plautinae
1156 886 1254 964 actio,

163 1001 200 1065 in
227 1025 294 1093 qua
318 998 531 1092 pervulgatus
557 996 785 1089 triumphandi
811 1021 881 1065 mos
897 996 1025 1065 dicatur
1045 997 1254 1091 multumque

167 1115 211 1183 de
238 1115 349 1208 prisca
375 1116 445 1181 aius
471 1113 630 1206 dignitate
657 1138 728 1179 esse
753 1112 938 1179 detractum
964 1111 1221 1206 significetur.*)

267 1231 379 1322 Atque
406 1229 490 1316 haec
515 1229 690 1295 hactenus:
716 1229 751 1293 in
775 1226 915 1294 exordio
943 1229 1033 1293 enim
1050 1225 1254 1295 Bacchidum

166 1346 382 1414 coniecturae
398 1369 476 1438 ¹ope
502 1340 717 1411 instaurando
742 1342 935 1409 Dissertatio
958 1343 1007 1409 XI
1032 1342 1231 1409 versabitur.

483 2637 950 2704 EPIMETRVM.

608 2858 660 2925 Ad
689 2885 720 2952 p.
747 2856 829 2928 405.

676 3077 766 3088 ...u-

273 3318 477 3388 Bacchidum
510 3345 606 3387 versu
646 3323 690 3402 V,
715 3327 744 3402 1,
770 3318 794 3389 4
825 3320 923 3386 ludos
957 3319 1187 3389 asciscendum
1219 3346 1259 3388 ex

175 3451 319 3529 utroque
341 3434 491 3502 Palatino
517 3460 579 3528 pro
605 3436 736 3531 vulgato
757 3436 837 3503 inde
859 3438 900 3503 ab
926 3436 1075 3506 editione
1101 3439 1258 3530 principe

159 3549 306 3659 'ludumt
348 3555 440 3618 cuius
474 3551 686 3644 corruptelae
718 3552 845 3620 fontem
879 3573 1039 3621 monstrat
1063 3555 1258 3646 Lipsiensis,

173 3665 211 3731 in
239 3691 306 3759 quo
334 3684 384 3733 est
413 3666 521 3733 ludus.
582 3671 675 3734 Duae
708 3686 784 3735 sunt
817 3668 1031 3750 locutiones,
1068 3668 1258 3762 inquibus

177 3798 331 3848 constans
365 3808 442 3848 usus
474 3783 642 3852 Plautinus
674 3786 805 3877 respuit
839 3784 1040 3878 singularem
1074 3809 1259 3864 numerum,

176 3895 418 3985 ludosfacera
441 3899 571 3975 alicui,
610 3919 644 3967 et
675 3900 820 3992 aliquem
850 3900 947 3966 ludos
968 3903 1107 3987 facere.
1163 3897 1260 3964 iliam

174 4014 280 4081 habes
306 4017 413 4082 Mero.
441 4017 483 4096 ΙΙ,
512 4024 542 4096 1,
570 4023 583 4082 1
614 4032 647 4082 et
670 4014 756 4081 Rud.
780 4017 839 4094 ΙΙΙ,
868 4020 899 4095 1,
924 4023 963 4082 i:

275 4121 383 4198 Miris
408 4131 516 4198 modis
542 4131 580 4196 di
604 4123 700 4196 laidos
715 4134 862 4218 faciunt
886 4117 1085 4199 trinitatibus.

230 4397 257 4466 ⁶)
275 4392 319 4445 His
340 4393 406 4446 adde
424 4411 500 4462 supra
521 4404 546 4464 p.
566 4395 617 4451 252
629 4411 667 4464 sq.
687 4374 832 4462 disputan(
