2872 4942
204 353 259 396 ΧΠ
660 355 852 398 ratssrtrto.

202 529 304 595 theto.
319 526 565 637 stAtellanarum
592 552 736 618 persona
761 529 892 596 ludicra
919 529 1161 607 dorsennus
1188 532 1295 616 (haud

180 627 356 697 ¹dubie'a
392 625 483 692 dorsi
510 618 649 718 gibbere
682 626 788 712 dicti)
815 653 882 694 non
922 648 971 695 est
1006 628 1120 695 helluo
1146 630 1295 711 lurcare,

152 809 153 812 Ἴ
204 727 264 792 sed
290 723 435 815 hariolus
467 725 618 817 quidam:
648 724 690 789 de
710 751 784 818 ·quo
813 726 970 793 otunkius
1000 731 1153 821 exposuit
1179 756 1211 821 p.
1238 732 1296 797 35.
1348 734 1354 759 ¹

159 888 169 907 ,
200 826 316 918 Itaque
344 850 412 891 non
445 818 648 917 peculiarem
676 827 917 918 propriamque
944 827 1109 897 dorseuni.
1130 828 1295 909 indolem,

201 951 266 1018 qua
288 927 315 990 is
342 925 383 988 ab
409 923 479 1015 aljis
498 922 725 988 Atellanarum
747 928 912 1017 personis,
940 951 1105 1006 macca,
1131 953 1297 1025 pappa,

199 1025 421 1101 buccone,
462 1016 613 1107 distabat,
650 1025 793 1114 spectari
830 1025 871 1089 ab
900 1026 1036 1091 Horatio
1074 1026 1200 1103 credo,
1236 1029 1297 1094 sed

201 1147 410 1191 communem
439 1124 585 1187 omnium
604 1122 855 1191 scurrilitatem:
877 1148 944 1190 nec
972 1123 1165 1191 edacitatem
1190 1127 1313 1209 solam„

174 1234 186 1253 ‘
200 1224 430 1314 parasitorum,
456 1220 517 1286 sed
535 1219 686 1286 edacium
702 1225 924 1313 parasitorum
947 1227 1029 1289 item
1048 1224 1294 1306 scurrilitatem,

197 1321 352 1415 plurimis
399 1344 470 1384 eant
521 1319 683 1411 exemplis
720 1320 946 1386 plautinarum
986 1322 1172 1388 fabularum
1217 1323 1295 1391 illu-

197 1439 321 1498 strem„
350 1444 389 1484 ex
414 1420 554 1510 ipsaque
582 1419 667 1509 lame
694 1422 933 1487 consectariam
960 1438 1061 1513 atque
1090 1426 1293 1490 coniunctis-

197 1521 312 1586 simam
353 1542 427 1584 cum
463 1517 636 1584 edacitate.
688 1519 761 1584 Hoc
803 1539 838 1585 ut
870 1519 959 1586 dicat
991 1539 1108 1612 poeta:
1142 1542 1292 1611 quarrtus

198 1624 268 1712 ipse
294 1641 413 1682 scurra
443 1621 488 1681 sit
515 1621 551 1681 in
573 1623 702 1683 scurris
724 1622 890 1708 parasitis
915 1618 1158 1685 describendis.
1188 1610 1290 1688 Vides

198 1736 353 1811 quattuor
379 1740 539 1808 personas
554 1719 727 1806 primarias
754 1717 884 1782 fabulae
911 1718 1064 1810 palliatae
1091 1721 1302 1814 perstringi:-

198 1818 334 1882 amantis
364 1815 506 1907 ephebi,
543 1817 646 1906 patris
672 1819 807 1895 attenti,
833 1817 963 1884 lenonis
989 1819 1150 1898 insidiosi,
1178 1819 1291 1886 edacis

197 1916 353 2010 parasiti:
395 1916 522 1979 huius
560 1933 668 1980 autem
707 1915 783 2006 plus
819 1918 916 1982 etiam
951 1943 1049 2009 quam
1082 1916 1291 2009 'reliquarum

200 2016 432 2082 tractationem
452 2013 636 2079 Plautinaut
663 2015 870 2081 stomachum
895 2016 1032 2082 Horatio
1058 2041 1205 2084 movere.

297 2143 329 2204 P.
354 2142 424 2202 135.
444 2084 520 2201 nd
537 2143 596 2200 144
625 2129 668 2194 de
697 2129 882 2197 Caecilii
923 2131 1290 2222 Hypobolimaeo

88 2286 93 2293 .
197 2249 230 2297 et
257 2229 625 2324 Hypobolimaea
653 2229 866 2305 rastaria
888 2229 1056 2296 dicentem
1078 2232 1160 2323 fugit
1181 2231 1289 2297 Grau·
1339 2260 1348 2281 ·

74 2584 96 2633 U

196 2332 260 2398 erti
287 2328 467 2422 disputatio
494 2326 646 2423 Analect.
672 2327 747 2393 hist.
776 2345 809 2393 et
837 2327 920 2418 phil.
949 2354 981 2420 p.
1010 2333 1056 2398 75
1083 2354 1168 2422 sqq,
1196 2333 1287 2397 cuius

193 2454 285 2495 nunc
312 2448 467 2521 tanquam
494 2427 698 2519 longinquae
713 2428 892 2493 memoriae
916 2428 1151 2494 recordatione
1168 2429 1286 2496 admo-

193 2552 288 2594 neor.
340 2527 532 2592 Ostendere
557 2526 614 2591 ille
650 2545 697 2591 sat
724 2527 955 2617 probabilibus
982 2531 1180 2620 argumentis
1203 2546 1283 2594 ¹stu-

196 2627 282 2713 duit,¹
304 2652 368 2692 nec
384 2626 681 2718 Hypobolimaeatu
696 2614 758 2690 neo
773 2625 1075 2718 Hypobolimaeam
1100 2631 1287 2719 rastffiariam

196 2712 335 2792 Caecilii
361 2750 507 2815 unquam
536 2725 713 2802 exstitisse,
749 2724 810 2790 sed
840 2696 936 2789 tiliam
965 2726 1284 2816 Hypoboliniaenm‚

198 2851 338 2916 eamque
366 2821 469 2889 altera
496 2827 631 2887 nomine
657 2823 875 2888 Rastrariam
901 2823 1121 2891 dictam-esse
1148 2842 1183 2888 ut
1208 2828 1284 2889 Asi-

218 2927 330 3004 ariam,
367 2920 605 2988 Mostellariam
632 2939 824 3014 ceterasque
863 2924 957 2987 huius
995 2926 1126 3015 generis
1155 2919 1281 2990 fabulas

186 2951 369 3090 {lautitias
409 3022 450 3087 Et
477 3020 518 3086 de
545 3020 708 3085 librorum
736 3046 811 3084 mss.
829 3019 896 3084 fide
922 3024 1043 3088 certius
1067 3023 1165 3087 etiam
1191 3021 1280 3086 iudi-

192 3148 266 3190 care
294 3142 382 3187 nunc
412 3122 498 3186 licet.
552 3121 616 3201 Qui
643 3119 780 3210 quidem
817 3122 888 3210 ipsa
913 3121 1203 3213 Hypobolimaeo·
1224 3146 1281 3186 ra·

190 3226 320 3289 straria
347 3223 479 3287 nomina
506 3218 612 3285 semel
635 3235 760 3283 tantum
787 3236 945 3284 testantur
968 3223 1069 3287 Nonii
1095 3248 1132 3313 p.
1157 3219 1212 3295 16,
1240 3247 1278 3287 ac

153 3318 292 3388 'semel
319 3340 492 3411 praetcrea
518 3320 706 3384 fentininam
743 3318 880 3383 formam
918 3320 999 3385 ibid.
1028 3347 1061 3412 p.
1086 3324 1149 3392 89:
1175 3319 1276 3387 Peri-

188 3421 274 3485 boea
301 3423 480 3486 nostratia.
534 3417 681 3508 Reliquis
718 3419 865 3509 quinque
900 3420 999 3483 Nonii
1024 3417 1187 3511 exemplis
1222 3439 1277 3485 aut

187 3546 255 3587 non
290 3519 388 3611 plena
416 3520 649 3583 terminatione
677 3519 898 3609 perscriptum
931 3522 1024 3608 prius
1059 3528 1276 3596 uomen·'est,

189 3618 249 3685 sed
275 3617 538 3709 Hippobolimea
571 3642 605 3706 p.
634 3616 706 3695 l78,
733 3612 909 3707 Hypoboli
932 3643 965 3708 p.
996 3616 1077 3692 176,
1104 3617 1279 3707 Hypovoli

189 3710 377 3804 (ristrarial
403 3743 433 3807 p.
466 3713 543 3794 147,
567 3713 699 3806 Hypob.
725 3741 758 3806 p.
786 3718 867 3794 505,
903 3734 956 3780 aut
978 3719 1050 3808 ipsa
1074 3717 1179 3784 forma
1207 3739 1275 3778 ma-

167 3817 314 3897 csculina
340 3833 478 3881 servata:
505 3808 776 3905 Hypdbalimaeo
804 3812 977 3880 rastrabia
1000 3842 1035 3919 p.
1063 3813 1119 3885 40.
1160 3814 1275 3878 Gemi-

183 3941 259 3982 nam
294 3934 401 3981 autem
429 3915 681 4004 inscriptionem
707 3913 996 4005 Hypobolimaenn
1030 3931 1063 3994 et
1088 3913 1274 3979 Rast’raria

184 4014 276 4108 quod
315 4017 350 4078 in
384 4016 480 4079 unius
508 4006 905 4079 indicis'eontinuitatem
941 4015 1085 4079 iunctam
1112 4011 1272 4091 videmus,

183 4113 219 4180 id
244 4112 305 4180 soli
332 4116 480 4180 inscitiae
509 4112 609 4177 Nonii
633 4112 862 4197 tpibucndum:
893 4137 953 4181 nec
982 4115 1082 4204 magis
1092 4110 1274 4225 flypobo:

183 4214 428 4294 limaeam-rire
468 4212 653 4276 Bastraria
691 4210 756 4297 dici
794 4213 921 4304 potuit,
961 4213 1052 4303 quod
1093 4212 1197 4276 visum
1226 4229 1276 4274 est

183 4313 360 4419 Gratterto.
413 4314 512 4388 Duas,
540 4309 599 4374 nisi
628 4307 782 4391 fallimur,
809 4306 1107 4404 ‘Taossobtpaioog
1135 4328 1275 4376 verterat

236 4536 247 4567 9

701 4586 732 4641 Ὦ

702 4720 727 4767 Ι
