2872 4942
399 377 418 415 r.
451 378 494 417 us
519 378 634 419 rrurrt
665 379 789 419 corrui
817 377 1013 420 sommus.
1202 347 1246 415 dl

178 548 388 638 cuiusquam
423 547 632 639 Molitus.
665 549 874 641 Σοφοκλῆς,
909 538 1121 627 Εἱριπέδης.
1158 541 1250 632 'Apt-

174 660 352 754 στοφάνης
378 668 464 727 iuter
489 692 523 728 sc
552 685 733 755 permutata
759 686 895 730 coiistut.
998 664 1006 689 ¹

264 781 422 844 Ceterum
458 781 600 870 simplici
634 782 774 847 Plautus
814 783 946 845 uomitrr
979 780 1050 869 ipsc
1084 803 1117 840 sc
1154 795 1248 865 pomo

167 893 254 959 dixit·
275 918 315 958 eo
343 897 591 985 rpigramumtt’.
615 896 704 986 (prod
734 922 750 961 e
777 899 934 959 Varronis
961 894 1047 959 libro
1076 894 1116 954 dr
1146 893 1252 981 portis

164 1012 275 1103 primo
301 1010 484 1074 Gellius
511 1012 536 1085 l,
561 1012 607 1077 Ἠ
634 1012 798 1102 prodidit:

212 1129 401 1220 Postquam
426 1145 478 1191 est
492 1145 634 1191 mortem
661 1146 761 1218 uptus
781 1125 936 1200 Plautus,
963 1124 1138 1189 comoedia
1156 1125 1250 1213 luget

216 1242 332 1309 Sceua
356 1242 503 1307 deserta.
530 1244 612 1307 deiri
638 1250 737 1317 riuis,
761 1244 859 1307 ludus
884 1248 1040 1331 iocurque

216 1360 259 1425 Et
289 1363 427 1423 numeri
450 1364 623 1424 innumeri
642 1361 742 1424 simul
763 1385 879 1423 omues
906 1360 1201 1423 collucrmuuruut.

165 1478 255 1558 Quos
283 1500 399 1540 versus
418 1476 620 1541 incredibili·
645 1479 735 1540 dictu
762 1496 811 1541 cst
837 1495 958 1568 quauta
985 1476 1169 1539 term-rituti·
1198 1498 1253 1535 rc·

164 1593 272 1657 tarint
297 1591 610 1682 absurdissimistpre
637 1612 714 1675 mut¹
739 1594 748 1607 '
773 1588 870 1695 'dibus
898 1593 1126 1682 corruprriot.
1154 1592 1253 1653 immo

165 1732 303 1798 prorsus
327 1711 554 1797 pervertorint
590 1733 662 1805 nou⁸
683 1598 926 1801 Pwtautmu
956 1724 1053 1796 raptu
1081 1706 1253 1769 heltrtissi-

163 1846 269 1923 mutu,
293 1823 351 1887 scd
382 1826 477 1887 etiam
507 1823 609 1889 divini
624 1827 745 1915 mgrnii
773 1828 905 1890 criticus
932 1820 1158 1903 dridolius*):
1187 1844 1252 1911 quo

163 1938 323 2002 nituirum
358 1962 427 2004 uon
454 1941 670 2013 hrxamctris,
708 1940 766 2005 scd
796 1943 933 2005 senariis
967 1942 1029 2004 sibi
1067 1954 1254 2029 pmcoturrt

166 2070 276 2143 poeta.
328 2056 427 2135 Quasi
463 2081 541 2118 roro
582 2082 646 2119 uon
684 2059 848 2146 potuerit,
881 2058 1029 2147 ‹ptumris
1054 2058 1184 2118 divorso
1218 2058 1252 2116 in

166 2194 296 2260 genere
317 2172 437 2234 versari
466 2169 592 2248 solitus,
618 2172 713 2236 etiam
741 2170 782 2234 ud
807 2173 870 2236 ltoc
891 2169 1071 2260 uliipumdo
1099 2188 1253 2257 tampuuu

161 2282 372 2349 ludibundus
395 2285 569 2359 accedero,
597 2287 687 2377 quod
710 2285 847 2377 quidum
874 2291 905 2348 iu
930 2286 1056 2349 Latium
1085 2262 1251 2346 solitudo

165 2397 321 2465 tralatum
353 2419 440 2465 esset
473 2400 504 2464 h.
540 2427 568 2466 o.
596 2402 637 2464 ab
673 2425 712 2466 co
743 2419 854 2492 portu,
884 2422 1025 2490 iptorum
1055 2424 1115 2488 prr
1141 2396 1252 2488 rigiuti

167 2540 331 2580 annorum
354 2518 496 2606 spatium
524 2515 619 2580 simul
650 2516 771 2580 Romae
796 2514 928 2579 Plautus
956 2513 1061 2605 drgit:
1099 2513 1132 2576 id
1160 2511 1253 2604 quod

170 2646 267 2695 recte
290 2628 439 2695 Osannus
468 2633 640 2723 prr-spritit
670 2630 764 2717 Attul.
792 2658 825 2723 p.
854 2635 910 2701 37.
963 2633 1003 2694 Et
1030 2631 1115 2694 circo
1143 2631 1251 2719 ipsum

171 2745 256 2811 vitae
287 2744 384 2811 finem
415 2750 617 2837 epigramma
647 2748 766 2814 luctum
805 2773 876 2812 esse
912 2746 1069 2836 sepulcro
1102 2743 1255 2809 itu-iduu-

154 2858 256 2973 ’ἅψῃ
282 2864 348 2928 reri
379 2867 528 2927 satis-est
553 2862 670 2928 simile.
707 2867 912 2955 Quanquam.
940 2862 1164 2953 utlnrgiumur
1188 2887 1255 2924 uou

159 2976 270 3044 videti
292 2977 377 3043 tales
403 3005 517 3044 versus
544 3006 560 3043 a
587 2979 701 3044 Plauto
724 2981 876 3071 scriptos,
903 3003 1013 3043 uouue
1039 2982 1121 3042 lmuc
1142 2979 1252 3068 'ipsam

162 3093 277 3160 Gellio
302 3118 449 3161 caussam
478 3095 577 3160 luisse
603 3113 762 3187 apparet,
794 3120 852 3161 cur
878 3120 914 3159 sc
943 3092 1179 3165 dubitaturum,
1213 3117 1253 3154 uu

162 3208 269 3274 Plauti
298 3209 504 3300 epigramma
530 3227 626 3288 esset,
655 3210 715 3274 uisi
742 3211 851 3275 Varro
879 3205 1095 3300 prodidisset,
1121 3206 1254 3298 prolite-

163 3324 281 3389 retttt·?
311 3359 352 3370 -
383 3325 540 3390 Ceterum
566 3325 820 3416 perscripsimus
843 3324 903 3389 hos
927 3349 1048 3393 versus,
1077 3321 1192 3414 quolcs
1221 3322 1253 3382 iu

170 3440 412 3531 antiquissimis
454 3441 569 3532 eisque
610 3442 726 3532 optimi
764 3439 865 3505 Gellii
903 3438 1075 3505 codicibus
1117 3453 1255 3512 exstant,

168 3556 191 3623 i.
218 3582 246 3621 e.
271 3558 304 3622 iu
324 3558 497 3636 Vaticano,
522 3542 1134 3650 RegiumqueRoueudo1·fian0,'ntsi
1163 3549 1255 3642 quod

169 3697 233 3763 pro
248 3670 360 3739 Scena
385 3689 436 3737 est
461 3670 600 3738 deserta
622 3674 663 3737 ab
683 3672 811 3738 Orrllio
839 3671 910 3737 Ecl.
937 3671 990 3737 lat.
1018 3697 1051 3762 p.
1079 3670 1149 3736 ‘258
1174 3671 1256 3730 usci-

170 3799 242 3808 σ-ι-
247 3801 298 3808 --
304 3801 363 3809 ι...-
367 3802 417 3811 ..,.,,,.

218 3849 245 3921 ⁶)
264 3850 314 3914 Qui
333 3852 384 3903 ltuc
404 3869 507 3919 quoque
527 3852 559 3903 ll.
582 3854 677 3902 Attium
696 3855 795 3903 invexit
815 3851 1005 3918 incmupmulrili
1028 3858 1188 3900 couuucuto:

360 3938 494 4005 Postquu'm
515 3940 616 3990 dlurcu'
634 3940 718 3991 Attius
736 3940 841 3990 Pluu'tus
859 3949 894 3990 est
916 3941 1057 3989 demortuus

270 4026 382 4078 Mortem
398 4029 480 4095 apisci
498 4029 545 4077 etsi
566 4027 669 4086 insolite
686 4030 780 4078 dictum
801 4036 848 4090 rst,
868 4038 949 4078 turiseo
972 4028 1032 4093 quid
1056 4027 1080 4075 iu
1101 4042 1131 4073 ro
1151 4038 1257 4090 guttere,

268 4114 336 4181 quod
356 4122 457 4180 spectat
475 4115 505 4165 ad
528 4116 578 4164 vim
602 4124 627 4166 et
645 4132 717 4166 usum
732 4115 924 4173 vocabulorum,
944 4117 1043 4180 prisruo
1064 4113 1140 4162 uctuti
1162 4110 1257 4159 latinae

268 4199 374 4267 liuguae
393 4201 503 4263 licuerit,
522 4216 572 4251 ooo
595 4204 629 4253 itu
651 4219 717 4253 nuuc
736 4204 836 4253 definiri
857 4210 950 4268 potest,
971 4210 997 4250 ut
1017 4199 1119 4249 uitalia
1139 4199 1256 4248 severius

269 4287 453 4339 consulendum
481 4292 523 4340 sit.
566 4288 598 4340 Et
628 4290 707 4341 multo
736 4299 806 4365 certe
838 4292 921 4340 miuus
950 4288 1038 4340 Plauto
1071 4285 1173 4355 quidum
1206 4296 1256 4349 ego

270 4383 351 4425 morte
374 4375 449 4426 datus
466 4375 608 4441 tribuerim,
626 4377 693 4444 quod
712 4377 829 4443 plurimis
848 4361 952 4443 placuit.
