2872 4942
601 355 817 400 stccuinisvs.
1177 331 1250 406 419

161 531 356 600 hominibus
382 527 590 622 scripta-ille
615 527 724 595 codex
743 548 835 597 tenet
860 543 926 594 tam
951 526 1080 614 rarn*),
1104 528 1250 597 ursacile

160 649 335 740 suspicere
361 671 379 712 e
406 661 518 713 vetere
543 644 636 712 fonte
661 643 850 736 repetenda
877 669 960 723 esse,
987 646 1022 709 in
1048 663 1136 713 tanta
1152 670 1251 738 prae-

160 764 277 830 sertim
304 786 419 828 corum
445 757 650 827 scholiorum
676 760 907 842 similitudine,
935 785 1020 853 quse
1048 787 1066 828 e
1093 761 1252 829 Sisennae

163 878 403 946 commentario
441 895 603 968 excerpta
637 901 737 968 supra
770 877 952 970 composita
978 876 1080 943 habes
1112 903 1146 969 p.
1169 876 1251 948 385.

163 993 237 1062 Sed
263 1010 300 1059 ut
324 992 418 1058 illum
443 995 479 1059 in
505 991 726 1058 Bacchidibus
761 1018 894 1058 versum
925 990 992 1058 sive
1018 993 1157 1061 Sisenna
1180 996 1251 1060 sive

164 1109 261 1176 alius‘
277 1109 423 1202 quilibet
447 1106 633 1174 desiderari
656 1109 691 1172 in
704 1107 903 1200 quibusdam
928 1098 1175 1201 exemplaribus
1201 1108 1253 1174 di-

164 1228 270 1294 xerit:
296 1224 380 1318 quid
407 1222 542 1290 tandem
565 1222 646 1290 inde
672 1223 937 1291 consectariuml
987 1222 1079 1288 Nihil
1101 1223 1253 1316 profecto

167 1344 299 1438 gravius
322 1365 422 1433 quam
451 1365 491 1406 ex
519 1363 578 1419 eo,
613 1338 707 1432 quod
732 1339 765 1403 in
789 1341 899 1432 prima
924 1337 1126 1425 Bacchidum
1153 1366 1255 1412 scena

168 1482 254 1524 unus
278 1455 415 1549 quidam
437 1480 552 1521 versus
578 1456 629 1521 bis
656 1457 800 1548 scriptus
832 1475 899 1535 est,
937 1482 967 1522 v.
995 1452 1060 1536 40,
1101 1457 1158 1549 qui
1188 1458 1255 1523 iam
1355 1491 1357 1495 ·

168 1570 288 1641 aderat
311 1588 390 1664 post
425 1597 453 1637 v.
482 1572 544 1664 30,
587 1588 679 1637 recte
706 1572 822 1663 priore
848 1570 979 1640 fabulae
1007 1570 1082 1639 loco
1109 1575 1255 1664 expungi

168 1688 277 1754 iussus
304 1688 344 1752 ab
370 1685 523 1753 Acidalio
551 1687 663 1752 Divin.
690 1704 722 1752 et
751 1688 891 1778 interpr.
918 1688 952 1752 in
974 1689 1093 1754 Bacch.
1133 1714 1204 1781 cap.
1233 1695 1251 1755 1

168 1804 229 1891 (in
254 1804 392 1874 Gruteri
417 1804 520 1869 Thes.
548 1804 622 1870 crit.
646 1803 707 1882 VI,
734 1828 768 1895 p.
799 1799 867 1872 194
890 1800 987 1896 sq.)‚
1024 1820 1207 1895 expunctus
1237 1829 1255 1868 a
1332 1866 1336 1875 ,

168 1919 300 1988 Bothio.
350 1920 403 1998 At,
430 1919 550 2011 inquit,
577 1918 654 1985 satis
672 1919 777 2009 gravis
791 1919 874 1985 haec
887 1920 959 2011 ipsa
973 1917 1104 2004 iteratio
1120 1919 1254 1998 Osanno

168 2038 239 2103 visa
264 2053 331 2102 est:
370 2052 406 2099 ut
438 2057 504 2126 quo
531 2032 635 2100 altero
670 2059 688 2101 e
722 2032 853 2100 duobus
885 2050 1079 2125 argumento
1113 2033 1257 2103 demon-

167 2147 325 2218 strandae
351 2147 495 2241 duplicis
520 2148 727 2216 recensionis
754 2173 832 2214 usus
859 2149 908 2213 sit.
948 2146 1069 2215 Audio.
1110 2150 1257 2217 Verum-

167 2268 366 2345 enimvero,
405 2281 442 2329 ut
466 2263 702 2357 simile·genus
731 2262 946 2344 contendam,
990 2265 1256 2359 quotusquisque

168 2383 315 2475 scriptus
349 2380 437 2446 liber
468 2398 518 2445 est
553 2378 647 2446 velut
673 2380 880 2458 Graecorum
904 2396 1079 2470 poetarum
1104 2381 1257 2448 scenico-

165 2523 261 2578 rum,
296 2496 377 2590 quin
409 2496 443 2561 in
470 2520 509 2562 eo
543 2512 599 2561 aut
630 2497 768 2562 omissus
802 2494 981 2589 aliquando
1018 2522 1102 2562 unus
1135 2494 1256 2590 aliquis
1350 2541 1356 2566 t

168 2613 353 2685 versiculus
372 2596 421 2679 ¹sit
445 2613 574 2679 incuria
605 2611 841 2678 librariorum:
886 2610 1001 2704 (atque
1027 2613 1144 2679 abesse
1160 2612 1258 2681 ⁴salsa

167 2730 336 2800 sententia
374 2727 432 2794 ille
465 2729 595 2820 potuit,
631 2727 690 2817 qui
726 2745 776 2793 est
806 2727 925 2792 Bacch.
951 2728 1010 2805 ΙΙΙ,
1037 2725 1070 2807 6,
1102 2726 1159 2806 16,
1194 2754 1258 2796 nee

168 2847 319 2915 alienum
343 2846 408 2911 hoc
435 2867 539 2936 genus
562 2841 787 2934 negligentiae
813 2841 1016 2913 aPlautinis,
1037 2840 1132 2908 libris
1157 2842 1258 2909 fuisse

169 2989 248 3031 cum
285 2960 366 3027 alibi
404 2957 610 3027 ostendimus
644 2974 713 3022 tum
749 2955 1011 3025 luculentissimo
1054 2956 1259 3026 documento

171 3078 283 3147 codex
305 3077 502 3169 rescriptos„
514 3074 753 3143 Ambrosianus
780 3071 916 3159 exstatz)
942 3093 998 3141 aut
1012 3097 1080 3171 non
1098 3098 1157 3141 suo
1181 3072 1257 3187 lqco

278 3302 464 3385 simillimaque
483 3321 582 3370 ratione
599 3318 732 3386 vulgatum
747 3300 792 3382 IV}
810 3318 836 3382 9,
856 3319 887 3371 16
904 3328 1046 3386 peruritur,
1065 3319 1133 3387 quod
1202 3327 1257 3370 etet

277 3411 420 3478 principem
445 3413 584 3464 editionem
605 3415 783 3466 etiamvetns
811 3413 893 3480 codex
917 3413 1015 3484 (sedis
1040 3334 1258 3489 pendam,

276 3507 455 3574 corrigendum
475 3524 507 3559 ex
524 3508 663 3560 Decurtato
683 3507 864 3577 Lipsiensique
882 3509 919 3559 sic
939 3517 993 3560 est:
1084 3486 1116 3571 -03
1170 3476 1192 3501 ι’
1233 3582 1239 3587 -

368 3602 444 3654 Hunc
461 3608 543 3672 ipsum
563 3605 656 3656 esurit.
692 3603 760 3673 'Epo
778 3621 834 3654 sum
858 3602 954 3668 Vlixes,
976 3605 1049 3655 cuius
1068 3603 1175 3656 consilio
1192 3592 1258 3655 ta&

769 3707 871 3767 perant.
919 3704 920 3709 ’
1060 3764 1066 3777 .
1119 3764 1122 3769 Ι
1170 3768 1173 3773 Ι

231 3798 259 3864 ·)
279 3795 311 3846 Vt
337 3795 433 3845 uittam
462 3795 578 3861 appictas
607 3796 813 3862 scripturae
839 3772 1256 3875 discrepantins³(quarpm

277 3889 380 3958 quidem
400 3893 477 3941 ctiam
496 3891 576 3941 maior
594 3905 669 3956 quam
689 3892 715 3940 in
728 3891 867 3942 Decurtato
883 3888 1018 3941 multitudo
1036 3897 1078 3942 est
1091 3889 1118 3977 ip
1136 3866 1256 3957 Veldid),

277 3985 349 4037 solas
369 4000 437 4053 quae
456 3985 648 4053 superscriptae
666 3992 727 4036 sunt
747 4001 814 4052 exp
826 3985 833 4034 l
843 3987 851 4035 i
863 3985 1028 4035 cationes
1048 3999 1079 4033 ex
1099 3998 1148 4057 una
1170 3982 1256 4033 sabula

274 4080 387 4131 afferam.
426 4057 517 4131 Bacch.
536 4081 580 4145 tv,
600 4086 625 4143 7,
645 4080 676 4132 16
696 4081 798 4148 venire]
818 4081 845 4130 ,ιζ
864 4079 949 4142 vendi,
967 4077 1036 4146 quod
1055 4078 1153 4128 transiit
1172 4079 1197 4128 in
1212 4078 1254 4129 ed.

169 4182 171 4186 ’
277 4175 362 4241 princ.
381 4174 423 4240 ΙΙΙ,
441 4176 468 4239 8,
479 4170 532 4226 12.
553 4173 642 4246 inque]
672 4175 714 4225 dic
731 4176 775 4244 (eo
794 4175 862 4224 enim
880 4172 952 4224 valet
969 4171 1060 4223 calami
1078 4188 1165 4233 crure
1189 4189 1256 4224 scn-

275 4277 347 4337 pttrnr
377 4270 439 4342 dio.)
470 4267 512 4336 lv,
530 4271 556 4335 9,
576 4274 592 4323 2
610 4272 741 4336 incastum]
766 4286 816 4338 pro
837 4271 969 4320 munitum.
1000 4268 1043 4332 lv,
1061 4267 1087 4332 81,
1114 4268 1148 4322 60
1174 4271 1257 4320 ivise

277 4366 438 4436 uuam.
457 4362 541 4419 cauto
561 4384 590 4420 ec
610 4366 635 4420 b,
655 4382 679 4417 e.
700 4365 864 4434 imperativus
884 4363 1065 4421 ceresiaco.

1297 4472 1308 4529 1
