2872 4942
196 373 269 444 Μ
602 397 657 441 vn.
682 396 724 437 nu
749 392 864 437 actvm

193 570 380 664 glutinatas.
430 567 563 638 Vellem
588 567 784 648 addidisset,
811 568 879 632 utri
903 564 980 659 plus
994 565 1080 633 fidei
1101 567 1268 634 tribueret:

195 711 294 779 quam
320 687 355 751 iu
379 711 452 752 rem
478 688 525 751 uti
538 683 805 752 commodissime
823 682 925 749 Nonii
947 682 1142 751 testimonio
1163 701 1269 777 potue·

192 819 253 880 rat,
279 826 411 866 versum
441 805 484 870 15
513 825 531 866 e
554 799 671 866 Plauto
700 800 771 864 sine
797 797 928 864 fabulae
949 800 1091 865 nomine
1116 798 1273 865 afferentis

194 942 230 1010 p.
258 919 373 997 2225
399 942 474 983 eum
496 915 561 983 levi
588 913 781 1006 corruptela
811 912 980 1007 plumbea,
1007 939 1109 1007 qnam
1130 938 1197 1007 pro
1210 912 1272 980 vul·

192 1047 267 1124 gato
294 1049 369 1096 ante
395 1029 555 1124 Pyladem
578 1028 707 1122 plumict
732 1031 823 1096 aPio
839 1028 1107 1097 commendatam
1134 1028 1274 1121 suscepit

194 1147 442 1238 Carpentarius.
494 1150 609 1238 Longe
632 1147 673 1211 ab
701 1145 829 1211 Osanni
854 1146 985 1211 ratione
1008 1143 1179 1211 diversam
1200 1144 1275 1211 viam

191 1261 328 1327 Bothius
354 1262 522 1354 ingressus
550 1279 677 1327 temere
697 1262 869 1353 utriusque
892 1260 995 1352 partis
1015 1261 1174 1327 versibus
1197 1260 1273 1324 mir·

193 1375 233 1440 tis
262 1394 296 1441 et
321 1375 466 1442 confusis
490 1375 640 1467 protulit,
668 1374 761 1469 quod
787 1375 924 1468 probari
940 1373 1152 1442 nullomodo
1167 1375 1273 1469 possit

193 1472 333 1556 sedile
360 1490 513 1555 Osannus
550 1488 690 1582 quidem
724 1490 801 1556 satis
827 1490 946 1556 iecisse
979 1488 1124 1556 iudicari
1149 1506 1274 1584 potest:

193 1630 256 1671 nec
282 1607 371 1670 enim
396 1624 473 1698 apto
509 1607 692 1671 sententiae
719 1603 850 1672 viuculo
887 1632 917 1675 v.
941 1603 988 1674 ‘26
1024 1607 1133 1672 verba
1164 1604 1274 1672 eudem

194 1721 345 1787 exorabo
374 1748 456 1815 eq.
485 1747 510 1792 s,
537 1740 661 1788 coeunt
687 1747 762 1789 cum
787 1747 942 1788 versuum
970 1721 1112 1790 19-21
1146 1738 1274 1789 senteu-

194 1843 246 1903 tia.
301 1840 519 1930 Quapropter
554 1861 615 1931 ego
652 1863 692 1903 ex
728 1837 992 1931 interpolationis
1026 1838 1188 1905 societate
1212 1837 1275 1904 exi·

194 1951 353 2018 mendum
377 1982 407 2020 v.
425 1958 471 2023 ‘25
498 1971 613 2032 statuo,
637 1970 674 2018 ut
696 1952 762 2020 hoc
789 1952 908 2020 ordine
934 1951 1055 2045 singuli
1079 1978 1196 2020 versus
1222 1976 1273 2018 an-

195 2067 331 2160 tiquitus
358 2093 429 2134 sese
455 2069 665 2161 exceperint:
702 2069 984 2134 Decretumst-
1016 2068 1141 2158 Igitur
1161 2072 1209 2134 mi
1232 2100 1271 2115 -·

196 2184 231 2250 T
226 2208 281 2247 um
307 2207 381 2249 cunt
407 2183 489 2250 milti
518 2217 568 2232 -
602 2185 712 2276 Quam
736 2190 769 2250 si
791 2183 840 2249 ad
862 2219 909 2233 ·-
934 2180 1105 2271 Profecto
1136 2218 1188 2233 -
1212 2184 1270 2249 Eu·

197 2297 274 2363 dem
298 2298 450 2365 exorabo
476 2336 540 2365 -.
590 2302 720 2365 Etenim
747 2300 911 2392 imprimis
938 2300 1091 2392 apposita
1116 2298 1162 2365 ad
1185 2301 1270 2367 Mue-

197 2413 317 2482 silochi
350 2416 495 2480 animum
533 2415 794 2482 describendum
826 2417 991 2508 repetitae
1031 2440 1062 2482 v.
1092 2417 1140 2485 18
1175 2433 1208 2482 et
1230 2415 1269 2483 ‘25

199 2532 380 2599 sententiae
408 2531 545 2624 gravitas
575 2548 633 2597 est.
700 2534 764 2615 Qui
792 2530 882 2624 quod
909 2550 1004 2598 antea
1030 2557 1066 2627 se
1094 2531 1268 2600 decernere

199 2645 328 2713 dixerat
353 2647 549 2739 simpliciter
561 2616 593 2728 ,ο
611 2647 653 2713 de
680 2673 719 2714 eo
745 2648 858 2739 paullo
886 2666 964 2740 post
985 2648 1088 2739 magis
1113 2647 1269 2741 magisque
1310 2690 1312 2735 ;

200 2763 393 2831 confirmato
421 2763 559 2830 consilio
577 2764 680 2830 multo
709 2766 805 2829 etiam
831 2764 948 2831 fortius
972 2766 1136 2856 profecto
1159 2767 1269 2831 aitstat
1310 2740 1312 2801 l

200 2882 384 2954 sententia,
410 2903 432 2940 a
458 2902 526 2968 qua
552 2901 623 2942 non
648 2903 700 2943 me
722 2884 840 2970 potiar
861 2879 970 2944 avelli.
1012 2877 1083 2943 lllis
1107 2897 1267 2945 autemmt
1310 2870 1312 2939 ἶ

198 2995 294 3101 putri
314 3015 433 3055 altrum
459 2992 603 3060 reddere
641 2993 812 3085 (imperite
839 2995 925 3058 enim
949 2993 1085 3059 Bothius
1113 2995 1209 3084 patri
1227 3012 1266 3053 me
1309 2974 1312 3129 i

201 3096 321 3172 aurii'm
337 3101 498 3197 reddere)
524 3129 587 3175 tam
599 3127 676 3202 apte
688 3127 911 3177 annectuntur
933 3135 1018 3202 quae
1033 3125 1267 3203 consequuntur

202 3221 320 3287 eadem
347 3223 506 3304 exarche,
533 3225 615 3291 nihil
639 3244 674 3290 ut
700 3225 740 3291 ad
759 3227 921 3291 sermonis
941 3226 1197 3291 concinnitatem
1218 3221 1264 3287 de-

201 3337 377 3407 sideretur.
429 3344 501 3407 Nec
529 3344 618 3407 enim
644 3367 716 3407 rara
743 3340 867 3407 locutio
893 3340 1017 3407 stabile
1036 3357 1088 3406 est
1114 3339 1205 3407 credi
1218 3359 1265 3430 po·

201 3471 267 3520 test
304 3456 559 3547 interpretando
585 3457 792 3523 decretumst
828 3483 899 3523 esse
930 3456 1096 3540 adhibita3
1128 3480 1191 3522 nec
1218 3472 1264 3545 pr⁰

198 3595 313 3636 versus
350 3573 394 3636 ‘25
434 3572 707 3662 interpretatione
743 3574 893 3665 priorem
929 3570 1024 3637 illum
1061 3573 1105 3640 18
1138 3566 1264 3639 habehit

203 3685 261 3776 qui
287 3684 369 3776 quid
382 3686 416 3748 in
432 3687 494 3751 hoc
518 3713 641 3780 genere
667 3689 801 3754 criticae
823 3688 899 3753 artis
926 3687 1007 3752 ratio
1024 3685 1184 3778 postulet,
1204 3704 1265 3775 per·

201 3802 358 3891 spexerit.
411 3803 475 3884 Qui
501 3822 608 3868 autem
632 3803 755 3897 reliqui
782 3820 858 3868 sunt
883 3820 950 3867 tres
977 3827 1101 3879 versus,
1130 3817 1265 3866 eussant
1303 3834 1312 3877 Ιι

188 3912 324 4009 'deberi
350 3916 443 3982 scioli
471 3918 606 3984 alicuius
631 3919 797 3985 sedulitati
825 3917 939 3996 credo,
966 3920 1001 3982 in
1026 3942 1180 3982 versuum
1208 3935 1268 4005 spe·
1310 3936 1312 3941 ·

180 4016 192 4033 ἰ
206 4031 291 4096 ciem
319 4036 546 4099 concinnantia
582 4062 666 4126 quae
693 4036 979 4126 interpretationis
1007 4057 1121 4097 caussa
1148 4030 1270 4120 ascripta

204 4143 342 4210 videret.
402 4149 500 4230 Quod
528 4149 661 4242 quidem
691 4176 763 4215 cum
792 4150 834 4215 de
860 4177 887 4215 v.
916 4139 974 4217 Q‘l.
1002 4149 1048 4215 ‘23
1080 4173 1138 4212 sua
1172 4160 1273 4239 sponte

204 4259 423 4351 intelligatur:
458 4291 531 4329 nam
562 4282 596 4333 ut
618 4285 742 4330 taceam
768 4267 973 4358 ineptissime
1001 4265 1125 4330 sociata
1152 4265 1276 4356 gravior

204 4387 263 4440 aut
286 4384 503 4468 propensior,
527 4405 587 4448 nec
612 4405 769 4450 numeros
795 4382 918 4472 prioris
933 4405 1045 4448 versus
1066 4378 1205 4470 placere
1223 4375 1279 4444 cui-
