2872 4942
882 284 902 325 ι

381 380 418 422 v.
439 376 482 419 aa
507 373 610 419 sorau
639 375 802 418 'staturum
826 374 991 419 canrosa.
1161 345 1231 419 345

148 549 206 617 sed
232 552 267 614 in
295 546 416 614 eadem
440 547 561 626 fabula,
589 550 687 638 quam
710 573 737 611 a.
765 547 835 614 553
861 563 959 638 pocta
986 543 1112 626 docuit,
1137 549 1163 615 si
1190 574 1237 613 ex

144 666 247 733 Asia
274 690 401 745 aurum,
428 682 610 755 argentum,
636 661 720 742 lana,
742 687 902 754 purpura,
926 659 1004 726 lecti
1021 665 1135 744 aurati,
1154 665 1238 730 ebu-

145 781 220 860 rati,
246 778 449 871 Babylonica
474 779 717 870 peristromata,
757 775 966 869 conchyliata
1002 779 1138 870 tapetia,
1159 777 1236 843 fidi-

146 897 253 973 cinas,
269 895 435 973 tibicinae,
455 890 706 978 sambucae*),
725 911 890 986 unguenta
908 893 1089 961 afferuntur
1178 893 1239 960 dni

144 1009 298 1077 indidem
326 1011 450 1080 arcessi
476 1011 541 1074 iam
563 1027 631 1074 tum
657 1010 804 1100 potuisse
815 1010 920 1101 Syros
941 1036 1054 1077 servos
1072 1008 1238 1104 largiare?

145 1129 201 1194 An
225 1124 312 1192 nulli
337 1127 426 1191 inter
450 1126 542 1218 ipsos
569 1125 682 1217 Syros,
710 1123 790 1189 dum
816 1123 968 1193 libertate
983 1127 1079 1219 Syria
1104 1125 1235 1207 fruitur,

147 1242 241 1311 servi'
276 1243 471 1320 extiterunt,
508 1265 592 1334 quos
624 1242 652 1306 si
684 1240 819 1308 luberet
853 1241 900 1306 eri
938 1259 970 1320 et
995 1242 1239 1334 mancipiorum

146 1359 370 1452 negotiatores
392 1356 603 1423 venderent?
648 1353 794 1423 Accedit
817 1355 915 1448 longe
941 1357 1167 1449 gravissimum
1194 1356 1238 1423 de

148 1475 242 1568 Syris
275 1475 317 1538 T.
344 1473 491 1557 Quinctii
526 1470 705 1545 Flaminini
735 1469 905 1550 iudicium,
937 1469 1026 1537 illius
1053 1474 1195 1563 orationi
1222 1498 1240 1538 a

146 1591 241 1657 Livio
268 1590 408 1669 XXXV,
435 1585 485 1657 49
511 1590 692 1654 intextum:
731 1585 825 1652 baud
853 1585 969 1678 paullo
995 1590 1240 1678 mancipiorum

150 1705 282 1780 melius,
304 1721 491 1796 propter
514 1703 712 1770 servilia
738 1705 944 1792 ingenia,
971 1726 1072 1796 qttam
1097 1703 1241 1771 militum

150 1843 279 1910 genus:
312 1818 412 1911 quale
450 1818 592 1884 illorum·
618 1820 786 1912 ingenium
819 1817 847 1882 si
878 1817 1052 1901 Quinctius
1079 1818 1142 1885 iam
1165 1838 1241 1885 aute

152 1953 342 2026 susceptum
369 1960 442 2001 cum
456 1913 622 2000 Antiocho
648 1932 775 1999 bellum
800 1949 958 2012 noverat,
975 1935 1091 2025 ecquis
1118 1931 1161 1998 de
1180 1931 1242 2000 do-

150 2052 290 2118 mestico
317 2050 478 2142 Syrorum
506 2051 748 2142 mancipiorum
773 2075 835 2116 usu
861 2049 1088 2117 dubitaverit?
1140 2049 1242 2116 Cete-

150 2191 225 2231 rum
253 2173 334 2231 cum'
354 2191 529 2257 perrarum
552 2168 588 2231 in
614 2164 773 2262 Plautinis
799 2164 919 2230 sabulis
947 2189 1019 2231 esse
1044 2163 1154 2254 Syrus
1177 2188 1244 2232 no-

152 2308 232 2351 men
247 2282 418 2351 Naudett'rs
441 2285 495 2363 ait,
518 2282 742 2375 reputandum
771 2299 843 2348 erat
866 2308 910 2348 ne
931 2281 993 2348 alia
1010 2282 1148 2374 quidem
1169 2307 1242 2350 ser·
1275 2336 1279 2343 Α

150 2423 268 2467 vorum
303 2381 439 2466 nomina
473 2412 490 2464 a
516 2401 709 2491 regionibus
743 2399 936 2490 gentibusve
959 2397 1060 2464 ducta
1081 2396 1243 2491 frequen·

152 2515 239 2583 tiora
267 2541 353 2581 esse:
378 2515 537 2607 qualium,
565 2532 600 2580 ut
621 2540 698 2581 vere
725 2513 844 2592 dicam,
871 2532 1004 2606 praeter
1026 2513 1111 2581 ilhrd
1132 2515 1242 2606 ipsum

147 2629 240 2724 apud
253 2631 404 2697 Plautum
425 2628 553 2696 nullum
569 2655 707 2722 prorsus
724 2618 913 2723 exeniplum
939 2626 1102 2714 exstat**),
1126 2648 1242 2698 contra

148 2765 251 2841 atque
285 2748 375 2840 apud
403 2749 610 2813 Terentium.
660 2746 788 2839 Neque
819 2743 906 2810 illud
939 2743 1138 2811 dubitationi
1174 2770 1243 2813 nou

150 2864 346 2944 obnoxium,
372 2861 465 2955 quod
487 2862 649 2954 Syrorum
676 2863 1027 2929 commemorationem
1049 2861 1114 2953 ipsi
1128 2861 1246 2927 Plauto

150 2978 278 3047 deberi
314 2998 347 3045 et
381 3004 422 3045 ex
449 2977 615 3044 irridendi
642 2977 780 3045 consilio
808 2975 1030 3070 repetendam
1058 3002 1132 3043 esse
1160 3000 1244 3044 con·

148 3092 269 3161 tendit.
315 3093 411 3177 Quid
438 3095 525 3158 enim
549 3113 598 3160 est
625 3092 776 3173 tandem,
802 3119 863 3159 cur
885 3117 952 3160 non
974 3093 1124 3184 potuisse
1143 3090 1248 3157 G'rae-

151 3198 230 3278 cum
257 3227 410 3302 poetam,
442 3229 478 3276 ut
502 3210 698 3302 pestiferam
722 3208 821 3301 agelli
846 3207 934 3274 illius
961 3225 1112 3274 naturam
1139 3208 1247 3300 gravi-

149 3345 207 3395 ter
232 3327 450 3420 siguificaret,
487 3327 551 3393 hoc
577 3343 771 3418 argumento
796 3326 843 3393 uti
870 3323 1111 3405 concedamus,
1138 3342 1175 3391 ut
1201 3348 1249 3389 no

149 3442 456 3511 laboriosissimum
489 3442 627 3535 quidem
658 3442 1004 3533 patientissimumque
1042 3465 1147 3533 genus
1173 3463 1246 3506 set·-

148 3583 272 3627 rorum
298 3557 367 3631 illic
394 3551 495 3651 posse
522 3556 707 3650 perdurare
736 3557 883 3624 diceret?
909 3556 1015 3625 Modo
1040 3559 1107 3624 hoc
1134 3556 1247 3647 ipsum

147 3675 187 3743 iu
221 3673 325 3766 Syros
357 3675 566 3766 potissimum
606 3675 784 3740 convenire
810 3690 947 3741 constet.
998 3672 1102 3765 Atqui
1128 3693 1247 3737 revera

146 3789 400 3857 robustissimos
426 3790 528 3855 luisse
552 3787 604 3856 vel
632 3815 670 3856 eo
698 3788 911 3883 intelligitur,
942 3786 1035 3881 quod
1057 3789 1146 3852 iuxta
1173 3809 1248 3851 cum

144 3903 412 3997 Cappadocibus
454 3905 674 3997 Bithynisque
718 3905 807 3997 gravi
846 3902 1041 3970 lecticarum
1067 3898 1249 4000 'gestanda-

144 4048 231 4091 rum
257 4021 387 4086 muneri
417 4021 569 4087 adhiberi
593 4020 680 4086 soliti
711 4037 799 4086 sunt:
834 4044 901 4111 quo
931 4016 1093 4086 luvenalis
1123 4033 1250 4109 spectat

149 4141 214 4218 VI,
239 4140 332 4206 351:

208 4302 236 4368 ⁴)
259 4299 402 4360 sambucas,
412 4295 631 4346 consumtact'rtas
640 4295 665 4342 in
677 4291 747 4342 libris
755 4265 927 4343 estomnibus.
938 4290 1058 4342 Ceterum
1067 4288 1100 4339 el.
1112 4305 1137 4355 p.
1147 4286 1200 4342 268
1210 4304 1251 4358 sq,

182 4390 225 4459 t⁴]
254 4385 337 4441 Vnum
355 4399 423 4440 ouuc
442 4383 556 4451 suppetit
576 4380 645 4435 cito
663 4395 704 4451 ap.
724 4378 806 4433 schol.
828 4379 889 4433 llor.
907 4379 960 4432 Sat.
979 4375 1013 4440 ll,
1035 4377 1062 4442 5,
1085 4378 1126 4431 l‘l.
1183 4429 1213 4449 ‚a
