2872 4942
204 337 277 412 512
519 359 561 407 tx.
613 354 973 408 betunesnossnouu
1058 358 1069 375 ·

206 553 320 649 otgrres
341 527 435 602 absit
461 532 625 622 Quoniam
645 551 757 601 autem
776 534 951 627 bunc„qui
976 544 1028 601 est
1049 532 1096 600 de
1111 528 1300 628 interpolffi

209 655 310 733 tione,
334 642 446 719 locum
472 653 664 718 universum
691 668 900 744 pertractare
929 668 962 718 et
987 667 1153 743 tanquam
1178 654 1312 725 exbauss

206 772 275 834 rire
301 793 410 860 prope
437 765 630 855 tantundem
657 767 804 833 futurum
830 769 994 859 sititque
1018 783 1128 834 totum
1140 763 1292 835 Plautum

206 883 404 963 emendare,
440 885 586 975 primum
627 881 768 976 quidem
805 881 843 948 id
876 904 979 975 genus
1021 882 1291 974 interpolationis

104 984 159 1106 .
202 1019 341 1094 prorsus
366 1022 456 1065 nnnc
482 1001 797 1090 praetermittimus,
830 996 924 1090 quod
946 996 1155 1090 ampliorum
1184 1021 1292 1065 acees-

201 1118 294 1182 sione
321 1111 625 1180 additamentorum
652 1115 858 1180 continetur:
884 1111 1000 1206 quoles
1023 1114 1196 1182 babemus
1212 1117 1290 1182 Poe·

199 1231 270 1294 nuli
293 1254 428 1295 scenam
455 1245 656 1307 extremam,
689 1253 829 1320 quacum
855 1246 891 1295 ut
916 1226 1124 1294 simillimum
1153 1254 1288 1322 compo·

198 1345 323 1410 suimus
351 1339 499 1408 Andriae
517 1344 740 1408 Terentianae
761 1344 885 1408 exitum
911 1344 945 1407 in
971 1346 1086 1436 paucis
1116 1343 1288 1411 codicibus

199 1476 373 1524 servatum.
412 1461 500 1542 'Non
525 1461 628 1551 magis
654 1476 764 1545 augum
790 1461 825 1524 in
850 1442 988 1552 siugulis
1011 1459 1155 1528 vocibus
1174 1462 1288 1527 haere·

197 1572 307 1641 bimus
340 1567 567 1665 brevibusque
598 1596 753 1640 versuum
785 1573 960 1666 particulis
1001 1570 1202 1668 saepissime
1239 1596 1290 1643 ex·

199 1691 363 1755 trinsecus
389 1690 543 1755 intrusis:
580 1688 734 1782 qualibus
761 1693 814 1756 vix
839 1689 926 1756 ullus
955 1709 1006 1757 est
1027 1710 1188 1758 veterum
1212 1691 1288 1759 scri-

197 1825 332 1902 ptorum
358 1804 448 1872 liber
482 1807 563 1898 quin
592 1805 677 1870 mala
710 1808 996 1898 grammaticorum
1031 1805 1288 1874 librariorumve

198 1920 255 1987 vel
278 1918 453 2045 sedente
489 1920 540 1986 vel
566 1922 778 2013 incogitantia
804 1921 978 1988 manifesto
1005 1920 1214 2013 depravatus
1241 1924 1286 1988 sit

198 2036 396 2131 Quanquam
422 2037 486 2104 boc
511 2033 620 2130 ipsum
644 2055 746 2131 genus
774 2031 908 2103 minime
933 2062 994 2104 nos
1018 2038 1104 2131 fugit
1130 2056 1287 2132 quantam

196 2157 262 2220 vim
296 2154 438 2234 habeat,
474 2179 542 2245 quo
580 2156 643 2234 eis,
686 2155 744 2246 qui
775 2155 809 2219 in
845 2152 1001 2220 codicum
1039 2153 1108 2221 fide
1149 2155 1288 2222 sulutem

197 2286 332 2336 ornnem
370 2286 518 2335 veterum
553 2271 756 2362 scriptorum
792 2270 973 2362 repositam
1011 2288 1154 2362 putant,
1196 2275 1287 2340 etiam

196 2387 385 2478 graviorum
422 2383 691 2477 amplior-umque
730 2384 1032 2477 interpolationem
1067 2385 1285 2479 probabilitas

194 2501 444 2596 persuadeatur.
505 2498 599 2584 Quid
627 2500 736 2566 enim?
772 2503 824 2566 isti
859 2499 997 2594 quidem
1029 2504 1056 2569 si
1092 2504 1283 2572 breviorum

195 2616 431 2710 glossematum
466 2615 631 2747 lusmem
665 2640 735 2681 esse
762 2615 1009 2684 multitudinem
1037 2642 1105 2685 non
1134 2621 1279 2712 prolecto

197 2733 259 2799 alia
285 2733 347 2798 nisi
374 2732 528 2815 codicum
556 2734 691 2798 suorum
726 2730 796 2798 fide
830 2737 1076 2826 compererint,
1110 2762 1181 2828 quo
1216 2753 1279 2802 tan·
1322 2756 1324 2761 ·

90 2904 95 2914 .
196 2848 272 2914 dem
289 2866 483 2941 argumento
510 2849 678 2939 negabunt
704 2847 866 2914 eiusmodi
892 2848 1276 2945 glossematncomplura

195 2964 243 3028 in¹
274 2986 339 3029 uno
375 2963 487 3056 aliquo
527 2962 604 3029 loco
641 2961 831 3029 coalescere
866 2966 900 3029 in
940 2964 1111 3057 aliquanto
1147 2966 1274 3060 amplius
1322 2978 1324 3047 J

195 3079 459 3145 additamentum
485 3079 659 3171 potuisse?
711 3070 753 3144 Et
778 3098 889 3145 tamen
910 3082 973 3173 'qui
994 3083 1076 3170 satis
1102 3107 1179 3148 esse
1200 3083 1270 3148 libe·

195 3197 281 3263 rales
304 3198 338 3261 in
361 3196 419 3263 illo
447 3217 571 3288 genere
597 3195 725 3276 soleut3
761 3197 899 3263 eosdem
923 3200 960 3264 in
985 3197 1092 3264 altero
1116 3217 1269 3293 saepenu—

150 3396 152 3401 .
197 3337 291 3378 mero
331 3315 482 3404 reperias
517 3313 558 3378 sd
599 3313 856 3378 concedendum
895 3340 995 3407 supra
1032 3337 1133 3406 quam
1172 3313 1271 3384 credas

194 3428 339 3520 ignavos.
404 3431 534 3494 Horum
560 3429 660 3522 igitur
685 3432 895 3521 potissimum
922 3455 1035 3497 caussa
1064 3431 1108 3496 ud
1134 3456 1190 3498 ens
1212 3450 1269 3498 tan·

194 3561 263 3610 tum
289 3542 566 3636 interpolationes
601 3545 688 3612 banc
721 3547 897 3638 pertinere
934 3546 1195 3638 disputationem
1223 3567 1269 3610 νο·

193 3659 315 3726 luimus
323 3711 332 3741 ,
360 3685 445 3752 quse
471 3663 505 3724 in
527 3661 724 3754 integris
752 3663 957 3727 versibus
976 3660 1102 3729 Plauto
1129 3658 1269 3755 supposi-

91 3773 93 3778 ’
195 3776 234 3840 tis
262 3793 454 3841 cernuntur.
519 3775 646 3858 Quodsi
674 3802 718 3843 ne
752 3779 785 3842 in
819 3778 884 3844 boc
910 3776 1048 3870 quidem
1085 3801 1208 3871 genere
1236 3797 1267 3840 eo

195 3895 400 3958 munimento
428 3891 585 3958 destituti
618 3892 831 3973 videbimur,
872 3892 966 3986 quod
993 3893 1110 3965 solum
1131 3919 1202 3960 esse
1224 3891 1268 3957 fir·

194 4029 283 4070 mum
307 4007 516 4101 multumque
542 4034 703 4100 superare
728 4012 864 4097 rationis
881 4013 1117 4077 necessitatem
1130 4030 1164 4077 et
1185 4004 1267 4075 liberi

195 4123 259 4185 vim
285 4123 400 4189 iudicii
428 4124 512 4190 male
541 4123 671 4190 creduli
696 4124 745 4188 illi
773 4124 941 4192 dictitant:
969 4126 1006 4191 id
1040 4153 1116 4192 cum
1151 4145 1265 4193 cetero-

196 4259 269 4300 rum
297 4238 451 4306 codicum
478 4242 663 4307 tractationi
691 4240 804 4332 paullo
830 4222 1036 4333 diligentiori
1056 4260 1126 4310 tum
1140 4243 1266 4310 Ambro-

196 4350 277 4415 siani
304 4352 382 4422 libri
408 4354 574 4425 beneficus
603 4356 759 4424 debetur.
804 4351 1009 4426 Cuiusi'cum
1038 4385 1101 4453 par
1126 4362 1168 4427 sit
1188 4378 1267 4453 prac-
