2872 4942
173 358 244 430 340
412 387 443 426 v.
472 385 513 425 oa
541 361 646 428 teria
675 385 841 427 ratarum
869 385 1035 429 rasarone.

172 561 329 652 scriptam
365 558 472 625 edidit
507 562 541 624 in
581 561 688 625 lllusei
729 557 925 651 philologici
960 559 1113 625 Rhenani
1148 557 1213 626 vol.
1237 559 1259 631 l,

170 702 202 768 p.
234 681 313 746 117.
365 677 396 740 ls
422 674 505 740 nihil
532 700 567 739 se
595 700 728 740 caussae
754 673 872 741 videre
900 677 961 753 ait,
998 701 1058 742 cur
1089 699 1159 741 non
1186 694 1258 741 ante

170 790 256 856 illud
289 810 422 882 tempus
457 809 557 882 poeta
592 792 739 883 potuerit
765 815 821 857 eos
848 813 960 856 servos
988 815 1257 867 commemorare,

171 931 255 998 quos
275 932 324 971 ne
340 907 484 972 Ritterus
512 905 648 998 quidem
676 908 803 1000 negarit
822 908 886 973 iam
906 925 974 972 tum
994 907 1146 997 cognitos
1161 906 1255 971 luisse

169 1023 344 1106 Romanis:
371 1039 470 1113 atque
500 1047 572 1087 esse
587 1021 705 1113 Syram
723 1047 856 1089 servam
872 1024 908 1086 in
928 1024 1131 1088 Mercatore.
1159 1023 1254 1087 Prae-

170 1156 262 1202 terea
289 1161 387 1228 posse
414 1137 575 1228 Syrorum
598 1140 804 1203 mentionem
831 1138 866 1203 iu
878 1139 1111 1202 Trinummum
1143 1163 1160 1203 e
1179 1139 1251 1210 ¹Phi-

169 1251 311 1318 lcmonis
340 1250 448 1316 sabula
479 1254 652 1318 transisse:
680 1253 911 1346 pervulgarent
940 1255 1027 1318 enim
1054 1278 1126 1318 esse
1147 1252 1250 1318 Phile-

169 1370 274 1434 monis
301 1385 333 1433 et
359 1367 538 1432 Menandri
565 1386 671 1434 aetate
695 1368 856 1460 Syrorum
883 1394 995 1448 usum,
1022 1385 1072 1433 sat
1098 1368 1247 1461 frequen-

168 1486 209 1548 tia
243 1482 378 1579 Σύρος,
410 1462 514 1576 Eripe
552 1484 697 1549 nomina.
750 1482 961 1572 Omittendos
1002 1486 1102 1581 igitur
1136 1487 1170 1549 in
1196 1486 1245 1549 hac

109 1668 111 1673 ¹
168 1603 364 1689 quaestione
392 1597 468 1664 illos
495 1625 608 1664 versus
633 1624 714 1675 esse,
748 1618 780 1665 et
804 1600 849 1665 eis
875 1602 985 1692 potius
1013 1598 1173 1665 utendum
1197 1600 1242 1691 qui

166 1716 389 1807 insequuntur
415 1742 431 1779 a
459 1713 613 1780 Philtone
639 1738 718 1780 sene
742 1715 964 1807 pronuntiati:

265 1820 376 1898 Credo
404 1856 468 1922 ego
495 1836 601 1904 istuc,
629 1829 794 1910 Stasime,
821 1835 871 1896 itu
897 1856 989 1897 esse:
1020 1830 1085 1897 sed
1109 1832 1238 1924 Campus

873 1956 983 2038 genus

262 2058 376 2130 Multo
402 2062 569 2150 Syrorum
596 2065 664 2125 iam
688 2060 816 2126 antidit
840 2066 1065 2154 patientiam:

165 2180 223 2244 ubi
246 2182 454 2270 patientiam
479 2178 700 2244 accusativum
731 2202 793 2268 pro
825 2177 968 2246 ablativo
1003 2178 1157 2271 efflagitat
1178 2175 1236 2242 lati·

162 2296 256 2360 nitas.
291 2294 392 2360 Recte
419 2295 507 2358 enim
527 2291 612 2357 haec
638 2291 681 2356 ad
707 2292 950 2358 atrocissimum
977 2292 1063 2358 illud
1088 2293 1131 2360 de
1156 2293 1236 2359 Caur-

161 2411 257 2502 panis
286 2407 487 2501 supplicium
514 2408 679 2473 Ritterum
704 2406 886 2487 rettulisse,
921 2433 987 2500 quo
1014 2429 1154 2502 praeter
1176 2406 1237 2499 alia,

99 2574 106 2587 .
163 2550 249 2617 quae
276 2524 342 2589 huc
368 2524 475 2587 minus
503 2524 685 2613 pertinent,
722 2521 973 2587 multitudinem
999 2526 1122 2590 civium
1148 2526 1235 2592 Cam·

159 2664 329 2732 panarum
356 2638 596 2705 venumdatum
620 2639 730 2702 Livius
756 2639 879 2716 XXVI,
910 2637 952 2706 16
979 2639 1142 2731 prodidit,
1163 2663 1235 2706 anno

162 2755 298 2846 quidem
340 2753 423 2824 542.
481 2752 688 2844 Singularem
731 2755 796 2817 vim
837 2780 909 2821 esse
949 2759 1016 2819 iam
1050 2755 1238 2848 particulae:

160 2894 183 2931 n
195 2895 273 2934 unc
300 2872 385 2959 pati
399 2894 446 2934 en
459 2885 536 2962 tos·
549 2868 701 2934 laborum
727 2867 805 2947 dici,
825 2870 883 2960 qui
905 2890 1000 2935 antea
1012 2872 1102 2937 omni
1123 2871 1238 2936 luxuria

161 2983 317 3048 fluerent.
368 2984 443 3049 Nou
470 2984 615 3074 potuisse
639 2999 747 3046 autem
772 2983 857 3048 haec
884 2985 947 3049 nisi
966 3010 1032 3052 uno
1057 2984 1108 3051 vel
1139 2986 1240 3077 paucis

161 3112 239 3189 post
261 3099 408 3188 Capuam
435 3115 653 3189 expugnatam
688 3100 780 3162 annis
817 3099 935 3162 scribi:
968 3098 1126 3192 frigidum
1163 3102 1241 3167 enim

162 3213 306 3277 sutorum
342 3214 441 3279 luisse
476 3214 589 3306 viginti
625 3211 760 3277 demum
786 3214 878 3279 annis
899 3215 1107 3308 interpositis
1131 3216 1243 3285 siclo·

164 3330 223 3422 qui
249 3329 292 3394 (le
319 3357 356 3394 re
382 3355 487 3421 paene
517 3328 714 3394 oblitterata.

204 3496 207 3502 .
263 3447 398 3510 Tertius
426 3446 531 3510 extitit
559 3445 614 3509 Ch
626 3470 650 3507 r.
677 3446 702 3507 P
714 3462 777 3508 ete
788 3470 827 3510 rs
839 3470 856 3510 e
868 3471 889 3509 n
900 3472 963 3526 us,
990 3445 1034 3513 de
1063 3449 1244 3516 Trinummi

164 3563 370 3654 temporibus
399 3562 473 3626 satis
500 3557 699 3623 mirabiliter
732 3558 904 3651 disputans
932 3564 967 3651 iu
992 3564 1246 3630 Zimmermanni

166 3677 301 3741 Diurnis
329 3676 429 3766 antiq.
457 3673 542 3738 stud.
570 3700 599 3737 a.
628 3661 732 3753 1836,
755 3700 790 3765 p·
816 3670 887 3742 612
913 3701 987 3770 sqq.
1033 3679 1160 3745 Probat
1191 3681 1248 3744 Pe-

167 3811 317 3857 tersenus
344 3793 459 3854 Ritteri
484 3791 812 3879 argumentationem,
841 3790 1181 3862 Windisehmannum
1200 3820 1250 3861 au.

145 3886 230 3972 ,tem
259 3909 302 3970 ita
329 3907 510 3996 impugnat,
538 3923 573 3968 nt
601 3929 657 3968 eos
683 3922 807 3968 tantum
823 3905 1069 3997 Campanorum
1099 3935 1174 3976 esse
1199 3935 1247 3976 ve-

135 4023 341 4087 ‘uumdatos
370 4021 474 4100 dicat,
512 4022 570 4110 qui
604 4037 719 4110 captae
756 3998 856 4084 urbis·
878 4039 1028 4113 tempore
1060 4022 1119 4097 vel,
1139 4024 1247 4090 adule-

173 4138 332 4201 scentiam
359 4132 409 4199 vel
437 4133 522 4199 adeo
551 4136 725 4226 pueritiam
752 4134 902 4200 nondum
931 4138 1057 4228 egressi
1092 4157 1185 4206 actae
1209 4139 1225 4204 s
1237 4179 1250 4190 -

175 4248 272 4312 hulae
300 4267 451 4338 tempore
478 4252 642 4312 etiamtum
671 4250 793 4314 Romae
819 4251 975 4316 vixerint:
1003 4279 1116 4345 neque
1142 4255 1178 4320 id
1201 4251 1250 4318 ille

170 4363 302 4428 coniicit
333 4380 456 4428 tantum
491 4391 564 4430 cum
595 4363 703 4457 aliqua
730 4363 910 4450 modestia,
948 4366 1009 4433 sed
1044 4368 1246 4436 confidenter
