2872 4942
107 348 110 355 '
172 345 222 412 50
508 365 544 412 ιι.
567 364 609 406 ne
638 364 765 409 tertre
790 365 924 410 autari.

170 565 189 604 e
225 536 347 631 quibus
381 531 566 602 rationibus
600 535 688 602 iuter
723 560 760 603 se
795 536 981 604 coniunctis
1016 535 1262 603 consectarium

166 654 233 719 hoc
260 669 324 732 est,
355 668 408 731 ut,
444 651 571 718 etiamsi
606 648 649 716 ad
678 651 829 718 militiam
851 647 1035 717 admodum
1059 649 1260 719 adulescens

167 768 345 834 accesserit
375 791 440 833 nec
473 767 539 832 nisi
561 764 692 833 ultimis
722 765 858 835 demum
893 763 1013 835 Punici
1045 764 1132 832 belli
1165 766 1264 832 annis

166 882 335 976 stipendia
360 881 487 962 feeerit,
513 899 623 948 tamen
648 879 742 948 nullo
767 881 873 963 modo,
896 878 1005 973 possit
1028 898 1107 975 post
1132 906 1161 948 a.
1188 844 1259 952 illd

166 1017 263 1065 uatus
294 998 432 1078 haberi,
469 995 574 1062 multo
608 997 706 1063 etiam
741 997 949 1091 probabilius
975 996 1018 1063 ad
1040 997 1259 1068 annuntient

166 1109 240 1181 480
276 1113 445 1179 reiiciatur
466 1108 516 1195 ),
554 1136 617 1177 uec
648 1110 753 1179 multo
788 1113 902 1178 minor
939 1130 1019 1179 natu
1044 1138 1146 1206 quam
1184 1113 1256 1204 ipse

165 1229 277 1293 Livius
321 1226 364 1312 (a.
396 1229 466 1321 481
507 1225 660 1297 Tarento
696 1229 834 1296 Romam
876 1225 1050 1313 advectus)
1088 1226 1254 1307 credatur,

166 1368 267 1435 quem
305 1366 374 1410 non
413 1361 488 1409 autc
522 1368 550 1407 a.
587 1340 659 1413 545
697 1324 782 1435 (quo
822 1366 896 1410 xxvi
938 1356 1102 1410 annorum
1139 1342 1255 1409 adnle-

163 1481 264 1523 seens
293 1458 376 1527 Cato
416 1455 492 1542 fuit)
527 1478 646 1524 senem
680 1458 791 1526 obisse
825 1474 922 1526 recte
961 1456 1094 1526 videtur
1130 1480 1151 1525 e
1188 1456 1256 1531 idn.

163 1573 313 1653 XXVII,
346 1575 392 1643 37
435 1587 469 1638 et
498 1573 569 1641 Cic.
602 1574 674 1642 Cat.
704 1575 779 1640 mai.
804 1572 826 1640 l.
854 1599 881 1642 o.
910 1574 1041 1645 coniici.
1090 1566 1141 1641 iu
1167 1572 1256 1640 etaim

163 1671 235 1737 sere
272 1673 547 1764 septuagenarius
581 1671 727 1740 Naevius
758 1689 907 1740 mortuus
949 1675 992 1741 sit
1028 1671 1183 1765 Cetltogo
1204 1686 1257 1739 ·at

162 1784 334 1855 Tuditano
376 1770 568 1869 consulibus
609 1787 642 1853 h.
685 1811 714 1857 e.
756 1810 844 1855 anuo
884 1784 976 1870 549,
1019 1788 1047 1853 ιι
1086 1784 1257 1855 veteribus

152 1899 413 1965 'commentariis
439 1899 608 1968 eredimus
625 1901 718 1968 Bruti
746 1925 774 1967 c
788 1901 861 1982 XV,
887 1901 935 1971 60
959 1900 1173 1968 memoratis:
1197 1898 1258 1965 nlti-

166 2039 242 2081 cum
268 2041 287 2081 a
309 2016 463 2105 Varrone
484 2015 602 2084 Naevii
635 2016 700 2084 vita
721 2015 855 2109 longius
882 2041 953 2085 esse
978 2014 1146 2110 producta
1158 1988 1256 2083 ⁴diei·

163 2147 228 2211 tur‚
253 2131 369 2197 nescio
395 2156 436 2196 ιιι
462 2154 532 2198 non
556 2133 697 2198 nimium
722 2132 821 2225 longe
845 2132 955 2201 Varro
981 2131 1187 2226 produxerit
1209 2147 1255 2199 at·

162 2271 229 2339 que
253 2247 290 2311 in
315 2246 435 2313 hanc'
425 2270 533 2338 ipsam
557 2262 690 2338 partem
716 2246 822 2313 valeat
843 2249 1042 2341 Hieronymi
1067 2245 1112 2313 ad
1125 2244 1258 2340 olymp.-

164 2376 272 2440 canan,
296 2363 483 2443 enotatis,
510 2387 576 2453 qua
602 2368 689 2429 auno
712 2338 785 2432 550
819 2362 869 2429 vel
905 2366 974 2432 551
1002 2364 1044 2431 V.
1068 2362 1110 2430 C.
1137 2360 1254 2430 Naevii

159 2499 250 2542 mors
276 2476 447 2543 trrlauitur:
474 2501 573 2567 quam
599 2475 698 2543 video
726 2479 822 2542 etiam
834 2473 997 2572 scaligeri
1023 2479 1253 2571 coniecturam

162 2588 299 2693 esse‘Q
325 2589 397 2662 Nec
421 2590 492 2658 falli
516 2616 618 2684 posse
645 2590 814 2672 videmur,
842 2619 916 2660 cum
939 2618 1009 2660 nou
1033 2610 1155 2687 posta.
1172 2589 1254 2673 471),

267 2757 294 2807 in
314 2765 451 2808 senectuto
469 2755 589 2807 delectati
609 2771 685 2808 esse:
712 2770 780 2823 quae
803 2769 879 2822 quam
906 2752 982 2805 exilis
1002 2751 1142 2804 delectatio
1157 2749 1253 2804 fueriti

266 2857 343 2911 ιιιιιιιι
364 2843 478 2893 omnium
492 2843 650 2895 communis!
681 2858 757 2910 qnam
774 2841 905 2894 dissimilis
922 2842 979 2892 eiua
1001 2839 1165 2906 voluptatis,
1191 2848 1255 2907 qut

265 2927 340 2984 inG
359 2927 442 2992 Gallo,
458 2927 501 2978 vel
518 2930 574 2979 eius
595 2931 796 2992 exercitationis,
817 2943 884 2996 quae
902 2927 976 2979 iuti
987 2925 1115 2993 Cethego,
1133 2923 1180 2977 vel
1198 2932 1255 2976 ata·

266 3014 366 3066 diorum
388 3012 501 3078 illorum,
522 3012 632 3082 quaein
651 3014 750 3067 Licinio
771 3015 865 3067 Crasso
884 3012 1028 3081 Publioque
1045 3013 1169 3080 Scipione
1183 3027 1199 3063 a
1211 3008 1254 3063 01-

266 3116 363 3152 cerone
380 3101 579 3169 praedicantur!
614 3101 728 3154 Eandem
755 3104 881 3154 rationem
907 3109 1010 3153 secutus
1028 3107 1069 3152 est
1088 3099 1253 3166 vinetisque

269 3189 287 3240 1.
305 3205 329 3240 o.
347 3204 373 3255 p.
395 3189 419 3242 9.
456 3189 505 3253 Qui
525 3189 593 3256 qnod
614 3188 680 3241 alios
699 3191 735 3241 ait
752 3205 776 3242 a.
795 3189 856 3254 529,
873 3188 940 3241 alios
957 3189 1008 3242 527
1030 3187 1149 3240 Plautum
1167 3193 1254 3237 natu

263 3275 435 3344 perhibuisse,
453 3275 555 3328 dubiam
573 3275 632 3327 illos
650 3278 800 3344 Hieronymi
820 3285 844 3327 et
861 3277 928 3327 Festi
947 3276 1124 3327 auctoritatem
1138 3280 1254 3334 temtos,

264 3360 291 3412 id
312 3360 346 3413 ad
365 3377 430 3428 quos
447 3371 548 3430 spectet
565 3362 608 3414 vel
628 3364 696 3414 uude
715 3363 832 3423 haustum
850 3365 885 3414 sit
900 3360 942 3412 vel
965 3376 1016 3429 quo
1034 3358 1130 3423 valeat,
1149 3373 1254 3426 prorant

264 3461 318 3498 non
336 3462 469 3516 assequor.
489 3483 524 3493 -
542 3451 663 3500 Ceterum
681 3464 748 3517 quae
768 3451 796 3500 iu
816 3448 941 3502 Naevium
958 3448 1137 3516 Plautumque,
1165 3444 1254 3498 eadent

262 3534 426 3601 aequalitatis
444 3534 511 3586 ratio
529 3536 556 3585 iu
575 3534 755 3588 Truculentum
777 3543 803 3587 et
829 3535 984 3589 Pseudolum
1005 3533 1083 3585 cadit.
1119 3531 1196 3585 Vnde
1212 3530 1254 3581 im·

262 3619 390 3688 telligitur
420 3635 496 3689 quam
524 3629 622 3674 temere
640 3622 711 3674 illam
730 3621 833 3690 quidem
853 3622 967 3675 fabulam
983 3621 1073 3673 nmcio
1091 3618 1150 3688 qais
1170 3630 1254 3684 anper

266 3706 360 3759 dixerit
378 3723 412 3760 ex
431 3708 615 3775 antiquissimis
636 3709 760 3760 Plautinis
782 3724 850 3760 esse.
1243 3696 1248 3702 ’

220 3806 247 3871 ⁰)
265 3801 381 3854 Eandem
399 3801 478 3853 video
497 3802 594 3869 lleyerl
614 3804 641 3854 ia
664 3803 733 3857 Brut.
752 3818 778 3870 p.
792 3802 824 3854 ot
847 3803 1000 3854 sententiam
1017 3815 1084 3853 esse.
1104 3792 1253 3851 cuiatem-

265 3889 302 3938 tio
326 3896 386 3956 post
411 3887 542 3956 vulgatam
567 3888 669 3941 demum
696 3888 762 3940 liano
791 3891 1032 3941 commentationem
1051 3888 1188 3937 inmanes
1202 3895 1254 3933 no·

263 3980 328 4025 atras
347 3975 484 4042 pervenite

179 4106 184 4121 -.
204 4068 248 4135 ⁸⁰)
268 4067 432 4119 lilassmauul
451 4085 554 4137 quoquc
574 4085 606 4120 eo
624 4069 700 4133 libro,
716 4086 793 4138 quem
812 4070 844 4121 de
859 4070 950 4122 Naevii
963 4070 1017 4120 vita
1034 4073 1060 4121 el
1078 4065 1153 4132 reliq.
1172 4063 1253 4116 lenae

265 4168 290 4204 a.
312 4155 380 4208 1843
398 4155 486 4220 edidit,
505 4172 532 4225 p.
544 4158 632 4211 21.-
652 4156 769 4209 Paullum
787 4159 866 4223 igitur
885 4157 959 4209 abest
977 4157 1038 4224 quin
1056 4152 1162 4205 inhnnc
1182 4166 1255 4202 mor-

216 4256 219 4265 ·
267 4241 300 4291 tia
318 4255 412 4293 anunm
432 4242 564 4309 Scipionis
582 4242 695 4295 laudatio
714 4246 853 4295 conveniat
880 4260 913 4295 ex
937 4246 970 4294 iis
990 4243 1081 4294 Naevii
1099 4237 1220 4291 versibus
1239 4251 1255 4287 a

264 4325 352 4385 Gellio¹
366 4328 409 4392 Vl,
429 4329 447 4383 8
464 4340 662 4385 commemorata
672 4372 680 4398 ,
708 4347 774 4400 quos
800 4347 852 4384 nou
871 4341 931 4384 aute
949 4348 972 4383 a.
990 4332 1042 4384 552
1060 4329 1172 4397 scriptos
1194 4340 1255 4377 esse
