2872 4942
604 399 826 448 ntccrrmrrvs.
1184 383 1256 457 403

160 575 273 643 doctis
296 603 313 640 a
334 574 519 643 Timbosco
544 599 577 666 p·
604 575 671 646 691
702 595 912 669 excerptum:
943 579 990 646 In
1012 576 1125 672 aliquo
1151 587 1259 674 igitur

162 715 309 759 numero
325 695 406 778 fuit
430 687 607 758 Antonius
630 693 844 772 Panormita,
871 692 970 759 horno
996 693 1125 777 doctus,
1145 715 1180 765 et
1207 703 1258 765 iu-

109 828 122 867 s
163 810 216 873 ris
241 806 328 872 benc
350 809 493 898 peritus.
543 805 743 894 Diligenter
768 810 871 891 etium
896 813 982 874 sutis
1006 811 1164 903 loquutus
1188 833 1254 892 est,

116 952 119 958 ·
163 941 201 991 et
229 941 265 991 ut
291 939 380 989 esset
400 922 515 1014 pusillo
538 921 697 1012 politior,
726 894 935 1012 eleffdntiam
960 934 1127 994 sermonis
1151 927 1257 998 Pluu-

163 1044 278 1126 tinum
305 1037 438 1106 volebat
463 1041 605 1111 imitari,
639 1037 702 1101 sed
726 1037 769 1102 ab
796 1063 835 1104 eo
860 1039 983 1126 uberat
1006 1044 1066 1108 illu
1090 1051 1259 1112 orationis

165 1160 356 1246 integritus
381 1179 424 1219 ac
448 1156 664 1217 sententioso
686 1157 924 1218 concinnitas:
948 1160 1062 1247 itaque
1090 1175 1170 1225 sttnt
1188 1167 1258 1255 epi-

164 1272 279 1355 stolae
306 1275 377 1336 eius
401 1268 648 1360 languidiores.
675 1272 756 1339 Fuit
776 1287 892 1358 tumen
908 1292 1117 1364 perurgutus
1134 1279 1258 1355 Poeta,

165 1405 201 1453 et
234 1387 301 1453 iliis
334 1384 538 1478 temporibus
573 1409 644 1449 uon
681 1403 914 1478 contemptus:
959 1413 1039 1452 rium
1070 1395 1099 1454 is
1130 1398 1258 1484 primus

165 1528 284 1570 versus
316 1502 363 1567 ud
394 1525 590 1567 mensurum
619 1500 795 1592 quandum
827 1528 1108 1596 numerorumque
1132 1534 1258 1599 sonum

163 1623 356 1685 revocavit:
389 1635 495 1683 ersten
520 1620 611 1682 enirn
627 1620 764 1704 fractis
790 1624 998 1713 concisisque
1022 1629 1172 1689 runneris
1194 1651 1269 1713 pu-¹

163 1759 243 1799 rum
268 1733 451 1799 admodum
487 1757 599 1799 versus
634 1758 656 1796 u
678 1732 819 1822 plebeiis
845 1735 1012 1825 rhythmis
1037 1737 1257 1826 differebant,

162 1873 370 1942 quamquam
397 1853 468 1914 eius
480 1851 568 1935 fere
594 1864 669 1913 totu
691 1846 812 1917 Poesis
839 1867 890 1914 est
916 1851 1072 1918 obscena.
1125 1858 1258 1924 'Fcinius

161 1967 264 2060 igitur
291 1991 381 2032 nunc
406 1968 442 2030 in
472 1966 607 2033 Antonii
632 1990 657 2030 s.
684 1965 791 2033 Codri
807 1967 911 2033 Vrcei
939 1969 1154 2037 etliermolai
1177 1974 1259 2036 Bar-

162 2084 473 2152 transmisissem
509 2084 674 2166 ¹Antonius
714 2080 774 2159 ille
810 2085 999 2149 Panormita
1032 2087 1257 2154 asciscendus.

163 2197 251 2265 Nam
286 2198 329 2265 de
356 2196 534 2263 Hermolao
566 2200 628 2264 etsi
649 2198 684 2263 in
709 2221 749 2263 eo
777 2201 851 2265 sive
879 2200 1059 2266 Mos-ellius
1086 2204 1153 2268 sive
1176 2205 1258 2269 stis·

162 2315 306 2381 huhrius
332 2341 368 2405 p·
400 2318 467 2395 177
495 2311 638 2394 fallitur,
665 2313 758 2405 quod
783 2313 879 2379 illum
904 2316 1158 2406 Amphitruonis
1184 2345 1258 2385 sce·

186 2456 284 2497 arum
310 2446 481 2495 auctorem
503 2453 538 2495 se
564 2429 720 2520 profiteri
744 2428 843 2497 dixit:
870 2454 980 2522 neque
1011 2435 1100 2498 enim
1121 2432 1171 2501 vel
1195 2435 1279 2513 hu-,

162 2454 185 2497 n

109 2490 164 2621 R·
197 2571 213 2613 s
248 2545 301 2612 vcl
337 2545 420 2611 alius
452 2562 562 2612 certae
600 2543 732 2610 fabulae
766 2544 872 2610 ullum
896 2546 1058 2613 indicium
1086 2568 1189 2615 exstat
1211 2553 1257 2616 in

164 2660 334 2729 Hermolai
374 2660 417 2727 ad
452 2662 498 2725 M.
525 2663 561 2727 L.
596 2661 830 2752 Phosphorum
858 2663 1056 2755 episcopum
1082 2665 1255 2757 Signinum

157 2775 325 2869 epistola,
362 2802 446 2869 quae
481 2794 530 2842 est
562 2776 649 2842 inter·
684 2776 804 2869 Angeli
826 2777 980 2844 Politiani
1002 2779 1168 2870 Epistolas
1194 2779 1253 2846 lib.

164 2888 239 2972 XII,
266 2894 312 2962 ‘25
337 2919 369 2984 p.
396 2891 468 2960 419
495 2890 549 2958 ed.
572 2891 702 2984 Gryph.
729 2918 756 2956 a.
788 2893 895 2962 1536:
925 2911 1036 2960 tamen
1064 2922 1178 2961 verum
1206 2916 1255 2963 est

167 3011 301 3077 omnino
333 3008 566 3074 octonoriolos
603 3030 682 3072 suos
723 3032 985 3076 commemorare
1026 3010 1253 3093 Hermolaum,

162 3126 284 3218 quibus
321 3124 429 3190 Plauti
457 3126 523 3190 sive
553 3147 651 3188 unam
684 3123 751 3188 sive
778 3121 895 3213 plures
920 3124 1125 3206 comoedias,
1163 3112 1250 3219 quae

161 3239 338 3309 conbustae
352 3257 387 3305 et
406 3240 583 3305 mutilatae
606 3237 910 3319 circumferrentm·‚
932 3243 1181 3309 reconcinnarit
1201 3245 1252 3310 in·

160 3354 405 3450 terpolaritque
428 3353 470 3419 de
493 3376 563 3421 suo.
589 3350 618 3436 *)
670 3352 746 3418 Non
779 3368 888 3418 autem
919 3380 1021 3448 aegre
1047 3356 1249 3450 intelligitur,

158 3545 403 3560 w·—

212 3634 239 3700 ')
267 3628 334 3681 Vide
353 3628 416 3680 Mos.
437 3626 528 3702 philol.
547 3624 630 3676 men.
645 3621 688 3689 tv,
709 3641 735 3692 p.
752 3626 798 3678 191
811 3637 849 3695 sq.
878 3625 1007 3696 iniquos
1023 3629 1247 3699 suspicatuscmm

262 3717 445 3784 supposuistis
455 3714 649 3780 Amphitruonis
668 3731 760 3765 scenas
781 3717 889 3781 primurn
911 3719 1028 3784 prodisse
1041 3722 1067 3770 in
1081 3737 1111 3772 ea
1126 3724 1246 3788 editione,

263 3821 330 3872 quac
349 3806 405 3855 sine
424 3803 475 3854 ioci
495 3811 520 3852 ct
541 3804 600 3852 anni
621 3802 811 3868 significatione
829 3804 934 3871 vulgatu
954 3806 1046 3858 licrm
1058 3808 1141 3874 olai,
1159 3812 1246 3862 iteru-

262 3893 313 3956 luc,
332 3878 450 3943 Poiitinni
471 3899 496 3940 et
517 3887 633 3939 Beroaldi
652 3888 755 3938 nomina
774 3891 799 3938 in
821 3889 904 3940 fronte
922 3891 1014 3957 habet,
1047 3895 1071 3945 id
1094 3898 1127 3945 ita
1154 3913 1245 3979 iem

262 3994 322 4030 osse
339 3979 466 4044 cognovi,
495 3984 629 4042 postquam
654 3991 732 4025 unum
751 3974 821 4026 illius
846 3977 965 4027 editionis
986 3980 1129 4046 exemplum
1151 3984 1247 4035 vindo.

260 4067 363 4129 bonae,
388 4064 496 4116 alterum
516 4067 551 4132 (si
571 4069 642 4112 recte
658 4063 775 4126 memini)
793 4062 910 4129 Lugduni
927 4064 1080 4135 Batavorum
1098 4070 1166 4135 vidi,
1192 4080 1248 4123 tor.

260 4156 324 4204 tium
350 4153 488 4203 llermanni
516 4151 621 4215 Sauppii
648 4147 776 4199 beneficio
797 4150 864 4200 domi
884 4149 975 4201 habeo.
996 4182 1030 4194 -
1057 4153 1176 4208 Ceterum
1198 4161 1247 4212 hoc

260 4241 319 4291 loco
351 4254 463 4291 errorem
493 4238 570 4288 liceat
602 4237 733 4301 corrigere
754 4236 814 4287 ibid.
836 4251 861 4302 p.
884 4235 932 4288 197
950 4247 1002 4290 not.
1022 4242 1056 4292 27
1074 4248 1246 4301 commissum,

259 4327 324 4381 Nam
341 4327 374 4378 de
392 4343 443 4394 qua
462 4327 495 4376 ibi
511 4325 592 4376 Plauti
615 4322 738 4386 editione,
757 4339 816 4373 mun
837 4326 941 4375 omnino
964 4337 1084 4393 exstaret,
1102 4331 1248 4387 dubitabam

254 4428 306 4466 non
321 4416 381 4467 satis
393 4415 481 4466 Ebcrti
498 4412 645 4464 testimonio
668 4409 789 4474 confisus,
808 4412 864 4463 cius
884 4415 1029 4481 exemplum
1044 4419 1071 4469 in
1091 4419 1247 4476 bibliotheca
