2872 4942
395 341 397 346 ’
431 368 435 375 ·
458 342 931 413 uosnsmiuiis'assumunt.
1165 347 1237 424 449

151 565 274 607 summa
301 559 408 607 autem
437 545 508 610 302
528 542 623 623 duos,
651 544 708 636 qui
735 569 848 611 omnes
875 544 979 649 ipodie
1007 545 1241 615 desiderantur

151 676 247 752 etque
272 661 335 723 iam
358 661 392 723 in
416 660 573 727 'Palatinis
597 661 691 726 libris
718 661 923 729 exciderant.
985 665 1033 729 Ex
1066 665 1117 729 his
1145 683 1242 756 quet·

152 792 223 840 tuot·
259 800 397 866 prorsus
435 794 641 842 evanuerunt
676 779 710 840 in
753 779 953 843 membranis
992 779 1238 864 Ambrosianis3

151 915 264 956 eorum
291 908 412 972 autem,
441 894 498 984 qui
524 892 630 957 ultimi
658 910 735 957 sunt
751 897 890 985 paginae
910 896 1043 985 prioris,
1070 896 1152 962 haee
1168 915 1240 963 tan-

151 1023 217 1071 tum
245 1008 337 1072 initis
364 1007 432 1101 legi
459 1026 655 1099 potuerunt:

350 1125 441 1188 AUT
470 1123 536 1209 (vel
563 1122 675 1205 MET)
735 1172 742 1186 .
794 1171 801 1186 .
853 1166 862 1185 .
914 1117 936 1187 .’
973 1167 981 1184 .
1033 1166 1041 1184 .

347 1241 433 1304 PRO
491 1285 1040 1306 ..........

350 1354 433 1418 ltLt
496 1383 526 1418 .·
556 1359 622 1420 .’.
675 1368 744 1420 ,ξ
796 1402 1041 1424 .....

148 1468 440 1560 Aequiescendunt
468 1473 567 1563 igitur
591 1469 626 1534 in
656 1494 715 1550 eo,
748 1486 783 1535 ut
815 1471 902 1536 intel·
927 1471 968 1549 V,
999 1477 1029 1551 1,
1061 1473 1103 1539 13
1133 1490 1165 1539 et
1194 1469 1237 1540 14

148 1582 300 1649 lacunam
327 1591 400 1651 esse
434 1589 686 1677 cognoverimus
724 1604 855 1676 septem
888 1585 940 1651 vel
971 1610 1079 1678 prope
1111 1584 1239 1678 septim

147 1724 316 1765 versuum:
347 1700 513 1793 siquidem
541 1726 623 1768 tinus
648 1685 769 1768 alterve
799 1721 943 1794 psopter
969 1704 1101 1768 nimiam
1128 1701 1238 1795 longi-

146 1813 296 1881 tudinem
323 1817 433 1907 potuit
459 1816 586 1883 divisim
616 1818 759 1909 scriptus
789 1840 871 1883 esse.
925 1821 966 1884 Et
997 1817 1125 1910 aliquid
1159 1844 1237 1884 sane

148 1930 266 1998 deesse
292 1932 391 2000 facile
419 1951 573 2026 potuerat
592 1931 670 1997 inde
699 1934 890 2013 existimari,
917 1933 1010 2025 quod
1037 1938 1121 2004 uta
1149 1934 1237 1998 elam

148 2071 221 2114 esse
243 2050 346 2114 verba
372 2052 525 2117 subiecto
549 2049 762 2142 grammatico
787 2067 910 2125 carent.
962 2051 1098 2140 Septem
1126 2067 1236 2117 autem

146 2188 299 2230 versuum
336 2163 472 2230 illorum
506 2167 540 2229 in
573 2183 732 2256 promptu
761 2182 810 2228 est
837 2163 936 2255 quale
962 2166 1110 2255 potuerit
1136 2191 1233 2257 argu·

148 2296 292 2344 mentum
320 2305 410 2346 esse:
443 2281 534 2346 cuius
570 2297 606 2344 ut
640 2280 884 2371 expositionem
922 2280 1234 2370 compendisaeere·

150 2418 227 2473 ntus,
250 2396 311 2461 hos
339 2396 476 2461 lusimus
500 2420 584 2488 quos
605 2396 691 2460 insra
720 2396 899 2487 posuimus.

173 2512 214 2578 13
235 2509 331 2576 Na'm
357 2516 426 2577 seio
448 2511 602 2605 equidem
628 2506 720 2576 nu'llo
734 2528 837 2602 pacto
861 2516 929 2576 iam
942 2505 1014 2576 e'sso
1029 2536 1127 2603 posse
1142 2509 1229 2577 cla'm

658 2651 787 2723 sepem,

242 2738 371 2832 Quibus
402 2743 490 2809 dolis
525 2735 794 2808 eonee'nturiatis
829 2737 903 2809 e'um
933 2767 998 2834 ego
1031 2741 1227 2834 ludificcitus

634 2883 718 2924 sum.

236 2975 326 3039 Nam
353 2967 389 3038 ἀι
415 2996 509 3037 erum
535 2970 605 3037 vidi
628 2967 833 3062 ge'stientem
845 2968 948 3060 fa'lso
973 2968 1205 3050 mereimo'uio,

233 3085 384 3157 Metuo
412 3113 455 3152 ne
482 3086 530 3151 ad
556 3083 710 3153 nostrum
736 3093 880 3154 vicinum
903 3069 1086 3187 protinam¹
1102 3107 1223 3156 eontu-

532 3187 544 3305 ’Δ
617 3199 712 3269 —lerit
735 3203 870 3295 pedem,

233 3319 314 3390 Pro
338 3317 456 3413 e'mptis
482 3314 644 3395 aedihds,
675 3345 759 3411 quos
784 3321 896 3386 inhiat
921 3314 1042 3404 miser,
1081 3341 1117 3389 ut
1141 3347 1221 3415 pre-

637 3440 720 3500 tium
744 3432 899 3502 so'lveret.
951 3428 962 3439 “

229 3547 264 3619 Ἰ
270 3552 284 3617 l
292 3552 306 3617 l
312 3577 330 3617 e
354 3551 411 3617 udi
438 3547 630 3618 vendidisse
656 3577 693 3617 se
720 3577 869 3644 unquam
892 3579 951 3619 eas
974 3549 1070 3621 addis
1092 3580 1217 3647 perne-

626 3663 784 3757 geiserit,

229 3777 407 3874 Neque‘se
441 3797 628 3873 argeutum
650 3779 810 3875 accepse,
846 3799 912 3848 sat·
934 3786 1003 3848 seio
1036 3808 1108 3850 rem
1141 3781 1213 3851 e'sse

614 3900 759 3984 saetam
781 3894 913 3963 omnem
936 3899 1065 3991 palam,

231 4009 361 4107 Quibus
395 4009 584 4082 mendaciis
616 4015 755 4080 celarim
780 4039 802 4078 a
832 4013 944 4105 gestito
981 4040 1051 4080 rem
1079 4012 1211 4101 ‘dispe'iu

618 4129 734 4195 ditum.

150 4237 195 4316 ¹4
221 4243 292 4316 de
313 4245 480 4342 quidhoc
502 4265 574 4324 est,
598 4245 689 4339 (μισῶ
700 4237 799 4332 fo'ris
813 4250 1010 4337 concrepuit
1021 4239 1211 4336 pro'xumae

622 4357 789 4430 viciniae?

970 4475 1016 4545 29
