2872 4942
200 336 221 402 l
436 367 457 406 ι.
483 367 526 433 ne
558 365 673 408 ιιιιτι
703 366 831 410 noerae
862 363 1062 411 noluemus.⁸

197 544 321 606 Accius
349 559 382 606 et
404 536 546 605 Asinius
572 543 704 607 nomina
731 544 842 608 iuncta
871 562 1000 619 extare,
1028 561 1137 609 tamen
1164 526 1291 612 nullam

199 659 262 725 hoc
297 659 360 723 vim
402 658 502 723 babet
530 678 733 750 propterea,
777 659 869 750 quod
897 685 938 724 ne
972 661 1022 729 M.
1048 657 1149 725 Accii
1172 657 1293 728 Plauti

196 773 336 866 quidem
358 774 550 865 ‚inscriptae
589 800 661 839 esse
693 773 863 840 Plautinae
899 774 1030 840 fabulae
1056 776 1089 839 in
1118 775 1290 842 codicibus

95 889 100 893 ’
194 889 313 969 solent,
340 886 400 954 sed
417 864 545 956 'Plauti
569 887 767 982 simpliciter
794 887 846 954 vel
871 886 993 956 Plauti
1013 890 1153 964 Comici,
1173 886 1293 956 Plauti

195 1008 327 1073 Comici
349 1001 495 1078 Poetae,
524 1021 557 1069 et
583 1005 610 1066 si
637 1002 772 1096 quando
798 1003 985 1070 ludibunda
1014 1030 1112 1070 manu
1138 1002 1291 1071 similiter

170 1106 351 1190 'variatum
375 1136 433 1187 est.
477 1120 626 1183 Fuerunt
651 1119 750 1210 igitur
778 1120 834 1210 qui
862 1118 904 1185 de
932 1117 1061 1211 duplici
1088 1123 1289 1212 cognomine

190 1255 312 1331 poetae
339 1237 533 1328 cogitarent.
584 1236 626 1301 Et
651 1232 820 1300 Me'ursius
847 1234 995 1327 quidem,
1026 1259 1127 1327 quem
1153 1254 1290 1328 praeter

190 1352 271 1420 alios
299 1369 430 1418 secutus
454 1368 509 1416 est
536 1354 670 1430 Parcus,
706 1349 790 1415 illud
830 1350 873 1416 de
907 1376 974 1443 quo
1008 1353 1198 1446 quaerimus
1232 1376 1289 1420 co·

190 1493 337 1563 gnomen
364 1442 405 1534 eri
434 1443 487 1533 eo·
503 1465 640 1532 ductum
664 1444 833 1545 ¹coniecit,
861 1452 954 1560 quod
978 1452 1022 1535 ob
1051 1453 1287 1562 quaerendum

187 1587 310 1652 victum
346 1581 389 1648 ad
417 1580 688 1673 circumagendas
716 1579 830 1661 molas,
858 1609 944 1678 quae
971 1581 1137 1681 trusatiles
1164 1582 1286 1676 appel-

146 1707 167 1778 s
188 1700 309 1779 lentur,
338 1720 478 1789 operam
504 1721 594 1761 suam
621 1695 757 1762 Plautus
783 1697 900 1788 pistori
926 1697 1077 1776 locasset,
1105 1716 1140 1763 ιιι
1164 1714 1287 1764 testan-

187 1802 406 1919 turssulG'ellius
444 1812 510 1890 III,
546 1812 567 1880 3
609 1829 642 1885 et
677 1812 900 1905 Hieronymus
931 1814 1069 1899 Eusebii
1107 1816 1286 1906 interpres.

188 1920 274 1999 Nam
299 1953 385 2009 cum,
413 1928 471 2021 qui
497 1925 601 1993 molas
629 1929 903 2019 circumagerent,
925 1931 1093 1995 asinorum
1116 1931 1151 1994 in
1172 1927 1290 2009 locum·

128 2058 140 2135 J
187 2046 340 2115 homines
353 2044 604 2111 successissent:
632 2042 916 2135 quemadmodum
930 2044 1135 2111 trusatilibos
1160 2070 1286 2114 revera

185 2177 404 2255 opponuntur
429 2148 590 2231 asinariae
617 2156 741 2224 molae:
769 2163 987 2252 contemptim
1016 2160 1204 2254 illosipsos
1231 2160 1292 2229 dia:

186 2296 257 2347 etos
283 2301 357 2345 esse
383 2274 541 2345 asinos.
594 2274 681 2339 Hine
709 2275 810 2367 igitur
835 2275 956 2341 sactum
983 2301 1068 2355 esse,
1110 2294 1145 2342 ut
1166 2274 1289 2355 Plauto

184 2394 337 2460 Asinus
364 2414 550 2484 cognomen
573 2387 791 2457 adhaereret:
820 2389 925 2482 idque
941 2389 1154 2459 librariorum
1182 2391 1289 2487 eulpa·-

181 2509 224 2576 in.
250 2503 392 2574 Asinius
438 2505 604 2571 transisse.
665 2504 805 2592 Frigent
855 2506 937 2595 haec
980 2506 1174 2587 mehercule
1211 2532 1304 2589 non:

182 2597 415 2697 mediocriter,
449 2636 482 2687 et
507 2619 629 2711 frigere
653 2620 755 2684 sensit
781 2619 974 2712 Lessingius
1001 2623 1035 2686 in
1060 2623 1134 2689 Vita
1161 2623 1279 2691 Plauti.

184 2738 247 2822 Qui
290 2737 349 2802 etsi
387 2762 405 2801 e
438 2733 655 2803 librariorum
686 2717 874 2801 temeritate
906 2734 1170 2824 additamentum
1193 2737 1279 2805 illud

181 2850 406 2945 repetendum
431 2842 576 2941 putavit,
614 2865 724 2914 tamen
758 2875 823 2915 nee
854 2877 941 2942 quae
970 2852 1040 2918 eius
1069 2855 1164 2946 origo
1192 2872 1282 2934 esset

107 2964 110 2971 ’
183 2967 343 3063 expediit,
370 2984 402 3034 et
426 2986 504 3034 vero
520 2965 565 3055 ‘ei
589 2961 788 3030 dubitationi
814 2963 960 3057 aliquem
986 2966 1099 3034 locum
1125 2969 1281 3049 relietum¹

181 3085 294 3162 voluit,
310 3107 389 3151 num
406 3080 492 3150 forte
506 3081 616 3170 ipsius
634 3095 737 3144 aetate
754 3078 859 3146 Plauti
875 3083 943 3147 sive
959 3082 1212 3152 abadversan'is
1226 3086 1278 3153 ina.

176 3217 317 3267 rentum
332 3197 399 3267 sive
419 3195 462 3260 ab
482 3193 595 3259 infima
610 3191 714 3285 plebe
736 3214 929 3287 usurpatum
950 3197 1137 3265 istiusmodi
1163 3199 1279 3271 conus

181 3296 268 3387 cium
292 3312 420 3379 suisset.
456 3311 568 3385 Vnum
595 3308 654 3375 ille
682 3309 747 3385 hoc
775 3310 948 3379 contendit
976 3314 1049 3379 iure
1076 3332 1147 3393 suo,
1174 3312 1277 3407 quod,

181 3430 209 3508 ti
242 3445 433 3511 constanter
464 3425 520 3493 tali
556 3426 693 3492 nomine
733 3424 976 3493 celeberrimus
1007 3446 1107 3522 poeta
1141 3446 1276 3495 ornatus

82 3599 86 3606 .
174 3534 278 3663 esset,
303 3567 371 3608 non
400 3567 472 3609 esse
501 3539 668 3635 credibile
696 3542 741 3606 ait
767 3540 894 3606 nullum
923 3545 991 3608 eius
1007 3567 1058 3609 rer
1050 3541 1195 3651 apud
1185 3569 1276 3638 ipsos

180 3640 365 3752 leriptores
393 3654 582 3750 vestigium¹
600 3657 789 3741 extitmmum
843 3654 986 3723 Accedit
1020 3675 1150 3725 autem
1164 3661 1277 3751 singu'-

137 3769 139 3773 ὗ
178 3758 257 3843 laris
282 3769 440 3840 condicio
464 3792 582 3839 eorum
608 3767 783 3849 librorum,
817 3771 938 3864 quibus
966 3770 1009 3837 ad
1034 3778 1180 3839 nostram
1205 3774 1276 3840 me·

178 3860 354 3963 istoriam
344 3905 408 3954 rste
430 3884 586 3980 proditus
613 3904 663 3952 est
686 3887 831 3954 Asinius.
884 3888 1055 3970 Quorum
1051 3887 1199 3982 plurimi
1213 3878 1276 3957 XV

180 3991 314 4072 demum
346 4000 479 4089 saeculo
509 4001 630 4094 scripti
668 3988 761 4082 sunt,
795 4005 896 4096 paue'i
922 4000 1060 4096 quidem
1078 4018 1122 4071 ut
1145 3992 1276 4083 videtur

181 4090 276 4190 inv:
309 4114 421 4184 nullus
448 4122 557 4183 autem
582 4117 625 4200 (si
651 4116 691 4181 ab
718 4139 795 4197 uno,
820 4108 878 4210 qui
905 4115 984 4184 olim
1000 4116 1136 4212 Vgoleti
1158 4118 1221 4188 tuit
1232 4116 1274 4205 *),

178 4221 467 4244 snm-dd*

215 4283 300 4350 JDe
319 4281 369 4333 boe
390 4263 444 4335 bus
475 4279 522 4332 Rh.
541 4277 559 4330 l.
578 4293 601 4333 e
623 4286 692 4346 etp.
714 4279 763 4333 161
781 4272 877 4334 dictum
896 4289 944 4332 est.
990 4278 1094 4350 Vgoleti
1122 4299 1181 4337 eam
1208 4283 1273 4336 haec

267 4366 346 4419 verba
367 4369 435 4419 sint:
455 4374 478 4416 et
492 4365 623 4417 Asterum·
628 4380 725 4433 qaoque
744 4366 914 4436 (appellatum
928 4368 1010 4420 fuisse
1021 4364 1161 4440 Plautum),
1181 4373 1206 4424 n'
1228 4387 1274 4424 co-
