2872 4942
595 357 815 402 raccnrntrvs.
1178 327 1256 407 423

159 559 264 626 qnam
292 553 385 626 puto,
411 557 473 600 nec
499 532 693 624 opulentiae
715 533 767 599 vel
792 535 912 609 usitate
933 531 1091 600 dicuntur
1119 532 1171 603 vel
1198 560 1250 600 sa-

160 651 201 715 tis
238 668 452 742 opportune:
489 673 700 741 consequeus
737 668 785 714 est
817 649 979 715 etiamad
1003 677 1030 717 v.
1058 649 1105 718 ‘24
1146 656 1252 742 perti·

161 791 254 832 uere.
308 767 410 832 Cuius
437 762 564 857 duplex
590 765 719 843 hiatus,
756 765 843 831 male
876 763 1031 830 defensus
1064 765 1105 829 ab
1133 767 1251 859 Lingio

163 887 302 968 Quaest.
328 879 432 947 Plaut.
463 906 499 972 p.
524 883 591 961 21,
625 882 745 946 mirum
773 898 931 973 quantum
964 898 1063 974 auget
1087 882 1252 973 suspicio-

161 1020 251 1067 nem.
316 999 436 1088 Neque
462 998 550 1061 enim
584 995 761 1062 futilissimi
788 995 1012 1089 supplementi
1039 1022 1057 1061 e
1084 996 1252 1062 Schobiu·

164 1117 235 1210 geri
264 1110 382 1179 codice
408 1110 544 1204 proditi,
571 1138 589 1177 a
614 1111 740 1203 Pylade
766 1131 893 1192 autem,
921 1110 1072 1204 Vgoleto,
1098 1111 1251 1204 Angelio,

160 1229 252 1298 Aldo
273 1229 432 1319 suscepti:
459 1231 547 1293 mori
571 1251 623 1292 me
649 1229 762 1294 malim
778 1233 902 1293 misera
916 1253 1009 1297 exer.
1025 1231 1155 1318 inopia,
1182 1225 1250 1292 ulla

162 1348 248 1412 ratio
275 1342 442 1423 habenda,
469 1368 533 1409 uec
549 1343 758 1409 Camerariae
786 1345 972 1436 scripturae
999 1347 1087 1408 mori
1103 1366 1154 1406 me
1179 1365 1250 1406 mu-

165 1462 274 1539 velim,
299 1485 362 1526 nec
387 1460 494 1525 Bothii
522 1479 783 1551 commentorum
809 1460 887 1526 olim
914 1464 1034 1525 moriri
1045 1457 1253 1533 malimmed

162 1551 396 1670 proponentis,
423 1599 535 1665 nuper
560 1580 681 1640 utoriri
704 1576 817 1641 malim
844 1601 934 1642 exer.
961 1601 1013 1641 me
1039 1580 1157 1668 inopia
1181 1601 1251 1640 am-

163 1691 354 1785 plectentis.
405 1690 516 1758 Vnum
544 1690 637 1783 quod
663 1690 791 1783 aliquid
817 1689 1031 1758 dubitationis
1050 1693 1183 1770 inficiat,
1209 1689 1251 1756 il-

164 1805 227 1873 lud
255 1823 304 1872 est
337 1804 399 1870 sed
422 1822 556 1884 autem,
593 1806 682 1898 quod
708 1809 740 1871 in
770 1806 925 1873 Palatinis
960 1809 1119 1900 scriptum
1150 1824 1252 1872 exstat

166 1947 234 2016 pro
261 1922 391 2014 vulgato
417 1948 480 2014 per
506 1947 621 1989 omues
646 1922 807 1990 editiones
834 1940 867 1989 et
877 1925 1082 2015 Lipsiensem
1101 1923 1252 1990 codicem

167 2038 234 2104 sed
263 2054 366 2103 unte:
400 2036 460 2104 sed
494 2058 607 2104 tamen
642 2065 685 2105 ne
713 2038 779 2106 hoe
805 2038 945 2131 quidem
981 2065 1052 2110 esse
1090 2037 1252 2105 eiusmodi

164 2153 310 2236 videtur,
338 2171 375 2219 ut
399 2178 467 2220 non
493 2157 642 2246 potuerit
668 2181 707 2220 cx
732 2156 836 2247 ipsius
863 2157 1046 2222 imitatione
1074 2155 1180 2220 Plauti
1193 2142 1252 2222 na·

163 2269 265 2355 sci.*)
317 2270 444 2337 Confer
468 2269 552 2337 Rud.
578 2271 620 2350 ΙΙ,
648 2272 680 2352 5,
709 2272 762 2338 15.
790 2273 890 2337 Truc.
918 2248 963 2352 ΙΙ,
989 2273 1021 2351 3,
1050 2269 1104 2339 14.

664 2486 693 2574 5.
724 2488 757 2557 a.

264 2649 401 2715 Restant
427 2647 563 2742 quidam
587 2649 787 2717 Bacchidum
814 2676 938 2732 versus,
964 2676 1047 2746 quos
1071 2655 1130 2719 etsi
1146 2653 1252 2718 Osan-

168 2790 232 2833 nus
257 2768 293 2831 in
318 2763 463 2858 duplicis
490 2767 696 2833 recensionis
725 2770 919 2856 societatem
947 2792 1014 2834 nou
1042 2769 1177 2848 ascivit,
1206 2787 1254 2833 ta-

166 2907 250 2978 ¹men
272 2904 341 2946 non
367 2884 596 2972 praetermisit
620 2882 856 2949 Analectorum
886 2886 995 2976 capite
1022 2885 1080 2965 IX,
1109 2909 1175 2978 quo
1202 2888 1256 2950 iu-

172 2996 437 3089 terpolationem
462 2997 647 3063 fabularum
674 2997 899 3064 plautinarum
932 2999 1090 3095 indagare
1121 3001 1255 3066 studuit.

171 3112 324 3206 Namque
350 3139 368 3177 a
392 3111 507 3179 Plauto
538 3113 706 3206 proiectos
734 3139 806 3181 esse
832 3116 893 3182 hos
920 3140 1047 3183 versus·
1067 3082 1171 3210 negti
1199 3119 1256 3198 IV,

172 3228 204 3306 9,
236 3224 304 3296 149
324 3253 415 3321 sqq.:

273 3343 353 3422 Sed,
380 3336 602 3435 spe'ctatores,
630 3338 686 3407 vo's
709 3368 801 3409 nune
827 3369 871 3408 ne
898 3340 1076 3423 mire'miui,

278 3458 380 3550 Quod
404 3458 476 3524 min
503 3459 681 3551 triumpho.
704 3454 993 3552 pirvulgutumst:
1020 3456 1073 3528 nil
1096 3485 1218 3526 moror.

279 3568 524 3644 Verumtamen
550 3570 761 3667 accipientur
786 3577 891 3641 muiso
918 3569 1051 3643 milites.
1107 3588 1121 3635 -·'

277 3693 379 3756 Nune
405 3687 496 3755 hcine
517 3688 684 3782 praedam
709 3716 842 3757 ontnem
877 3697 945 3758 iam
971 3691 1019 3757 a'd
1049 3707 1263 3784 quaestorem

770 3802 936 3890 deiferam.
1083 3886 1093 3916 ν

233 4066 259 4139 *)
280 4063 370 4117 Simila
389 4063 508 4132 quiddam
530 4063 661 4129 tetigimus
683 4061 749 4116 Diss,
769 4060 814 4125 tx,
835 4076 858 4110 c.
878 4061 897 4124 Ι,
918 4063 935 4124 §
954 4061 978 4111 2.
1003 4091 1035 4100 -
1054 4058 1173 4110 Ceterum
1195 3992 1259 4126 quis

282 4157 411 4209 hocloco
434 4158 586 4211 Bacchidum
605 4172 695 4207 versus
716 4157 897 4224 supposititios
925 4155 1054 4220 diximus,
1085 4154 1188 4205 eosdem
1212 4170 1263 4205 uec

281 4252 323 4304 vel
344 4254 402 4320 plus
421 4253 463 4305 vel
486 4255 568 4304 minus
589 4252 682 4302 abesse
700 4252 731 4301 ab
751 4250 918 4303 ambrosiano
939 4258 1029 4318 postea
1045 4242 1176 4317 comperi':
1207 4249 1258 4301 vid.

277 4347 346 4400 Dim.
368 4350 447 4418 antiq.
475 4348 542 4400 stud.
559 4363 579 4397 a.
603 4347 668 4399 1837
689 4362 714 4413 p.
734 4345 793 4399 tas.

1284 4450 1346 4553 ’ἢ
