2872 4942
164 330 208 407 tt
408 349 428 395 ι.
450 351 491 393 na
520 350 636 395 atrvrr
665 353 791 396 acerra
820 351 1008 397 noururavs.

164 527 223 593 Est
249 526 303 591 bic
325 549 437 591 versus
465 546 505 589 cx
531 524 572 591 iis
598 524 782 616 exempliq.
798 534 884 617 q'uac
903 534 1098 619 repugnare
1114 522 1262 599 neuneu·

137 658 147 667 ’“
165 642 353 709 sententiae
387 641 454 709 risa
491 656 588 720 sunt,
623 666 690 732 qna
722 641 748 704 is
785 641 913 709 alienos
935 643 994 706 *ab
1019 643 1263 735 antiquioribus

162 758 273 850 poetis
301 755 582 822 substantivorum
607 758 772 846 genitivos
797 736 1105 823 iuli‘desinenres
1137 757 1264 827 iudica·

116 910 121 918 =
165 888 263 941 verat
285 869 460 961 solamque
486 870 749 937 contractionem
776 869 981 962 probaverat
1005 874 1041 937 in
1053 874 1135 939 Ter.
1156 862 1263 941 Amin

164 987 207 1067 ll,
238 993 269 1066 1,
295 987 361 1055 ‘202
402 962 445 1050 dc
481 1008 546 1076 qua
580 983 722 1077 quidem
760 980 989 1053 contractione
1030 989 1116 1055 mira
1154 1008 1264 1081 nuper

166 1102 316 1169 Koenius
345 1123 385 1167 eo
413 1097 513 1179 libro,
548 1122 652 1192 quem
678 1098 723 1167 de
747 1098 858 1192 lingua
884 1096 1060 1192 epicoru'm
1085 1084 1264 1169 latinorum

162 1216 280 1294 edidit,
304 1234 338 1283 et
363 1216 515 1281 narravit
541 1233 575 1280 et
599 1213 716 1280 (locuit
744 1240 775 1306 p·
804 1211 863 1285 34.
884 1214 934 1285 60
959 1240 1010 1308 sq.
1059 1216 1191 1309 ltaque·
1206 1242 1265 1285 cu*

165 1330 278 1427 pidius
305 1329 391 1395 illud
417 1330 643 1421 arripuerunt,
672 1329 730 1420 qui
756 1325 940 1396 adversarii
965 1328 1266 1423 praeceptollcnu

160 1446 271 1517 leiano
287 1447 484 1511 extiterunt:
513 1444 684 1536 inquibus
698 1441 826 1511 nollem
841 1464 920 1511 tanc
936 1443 1064 1537 alioqui
1081 1447 1190 1517 vuum
1213 1446 1265 1511 iu-

163 1563 253 1630 dicio
271 1558 494 1654 Spengelium
511 1584 595 1640 esse,
616 1558 660 1626 de
678 1559 756 1628 loeo
768 1557 991 1628 illounirerso
1007 1562 1042 1631 in
1052 1561 1155 1653 Vttrr.⁸
1170 1587 1207 1654 p.
1218 1566 1263 1633 li

165 1678 462 1766 commentantem
510 1674 633 1766 Neque
660 1674 768 1753 enim,
809 1692 846 1740 ut
872 1694 1002 1743 ceteros
1027 1693 1146 1769 poetas
1174 1700 1265 1745 nuuc

165 1795 292 1861 mittam
321 1792 526 1884 (quanquam
553 1815 596 1856 ne
623 1789 667 1856 tle
694 1791 734 1855 iis
761 1788 901 1883 quidem
923 1789 977 1858 vel
993 1790 1265 1863 tantulum-scru-

167 1913 241 2005 puli
266 1913 376 1981 ιιιίιιιο
398 1906 552 1994 insidet),
579 1909 623 1977 de
648 1909 807 1978 Plautinis
834 1908 954 1977 fabulis
981 1914 1011 1977 T
1014 1913 1267 2007 creationisque

167 2028 236 2095 nlla
265 2053 339 2095 esse
363 2025 525 2095 dubitatio
553 2043 673 2118 potest,
700 2028 782 2119 quin
808 2023 843 2093 id
870 2027 980 2118 ipsum
1014 2024 1108 2120 quod
1131 2050 1189 2095 res
1215 2030 1268 2095 e‘u

167 2146 211 2215 ita
236 2145 452 2236 perspexerit
473 2141 656 2222 Bentleius,
692 2159 744 2223 ut,
761 2142 839 2208 'nisi
871 2143 928 2234 qui
960 2160 1098 2235 praeter
1124 2140 1267 2211 modum

166 2261 338 2328 habessit
373 2259 424 2346 (nt
455 2257 592 2323 suerunt
628 2283 707 2325 sane
734 2259 792 2350 qui
818 2256 900 2331 dum
926 2258 1117 2325 emaculare
1139 2282 1177 2324 sc
1201 2283 1268 2352 pua

166 2394 246 2456 taut,
271 2377 490 2468 inquinarunt
514 2373 773 2467 elegantissimas
800 2372 964 2458 sabulos),
998 2375 1029 2439 ei
1053 2372 1268 2443 credendum

167 2496 210 2559 sit
235 2510 270 2559 et
289 2489 616 2583 obtemperandum,
656 2514 724 2557 nou
760 2488 1017 2557 obtrectandum
1043 2508 1143 2583 atque
1168 2490 1268 2558 obla·

169 2607 333 2675 trandum.
382 2609 470 2699 Ergo
497 2607 570 2672 iure
598 2630 658 2672 suo
685 2607 720 2671 iu
746 2603 959 2671 emendanda
986 2629 1098 2671 versus
1121 2604 1267 2687 Plautini

153 2720 321 2787 'labecula
348 2719 403 2785 alii
428 2720 656 2787 elaborarunt:
684 2744 759 2785 cum
779 2743 936 2785 successu
954 2742 1023 2786 non
1039 2718 1266 2789 elaborarunt·

169 2836 255 2902 Nam
280 2827 373 2925 qubd
395 2835 532 2899 Rotbius
558 2833 737 2925 proposuit
761 2828 1011 2908 MorciAttt‘ci,
1038 2832 1103 2901 tale
1125 2832 1267 2926 quidem

169 2973 313 3023 acumen
353 2948 474 3013 mirere
516 2966 550 3013 et
576 2946 713 3019 Wolstio
738 2946 874 3038 Proleg.
909 2947 1204 3041 inAulnl.p.'17
1233 2956 1267 3025 et

167 3063 370 3135 Fr.2llaasio
410 3084 486 3127 aun.
520 3062 554 3125 in
588 3062 723 3152 Reisigii
757 3060 870 3128 Sclrol.
893 3074 1090 3156 gr·amm.'p.
1120 3060 1168 3147 75
1192 3064 1269 3155 plia

169 3205 249 3253 ecre
274 3179 442 3271 potuisse:
455 3177 587 3243 rectius
600 3177 807 3268 (quanquam
826 3198 893 3243 non
905 3202 985 3247 ,vere
1002 3202 1095 3258 sanc,
1120 3194 1157 3261 ut
1173 3200 1267 3247 nuuc

166 3292 326 3387 apparet)
353 3294 419 3369 iam
444 3293 599 3359 Osannus
625 3291 723 3358 Anal.
761 3318 795 3385 p.
827 3294 895 3361 175
932 3296 1040 3359 vereri
1065 3318 1100 3361 se
1123 3290 1268 3373 dixerut,

169 3435 212 3474 nc
237 3402 362 3474 nemini
388 3404 480 3472 istam
495 3405 630 3472 Bothius
656 3404 878 3472 coniecturam
897 3407 1075 3500 probaret:
1101 3432 1164 3475 uec
1182 3432 1269 3500 pron·

168 3525 261 3590 bavit
283 3520 486 3589 Svertlsicco
513 3523 545 3586 in
560 3519 726 3589 vindieiis
752 3524 926 3617 praecepti
951 3521 1136 3590 Bentleiani
1163 3522 1266 3616 Rigae

168 3638 548 3728 etDorpatia.1832
585 3637 684 3703 cditis
722 3661 753 3729 p.
781 3637 840 3705 55
891 3637 1049 3730 Pinguius
1089 3635 1189 3703 etiam
1221 3636 1282 3703 ab'

160 3753 291 3819 -aode'm
315 3751 434 3818 Botlric
461 3752 652 3844 nuperrime
679 3754 899 3845 excogitatum
918 3750 1054 3822 »Marco
1080 3752 1190 3820 Attio.
1215 3784 1264 3799 --

170 3864 260 3947 Quid
287 3866 418 3943 autem?
455 3864 607 3933 Plautina
632 3864 691 3932 ille
713 3866 955 3959 prologusi-
911 3869 1051 3935 -'Vt
1041 3818 1273 3962 rgiturl'lauti

167 4004 235 4047 non
253 3981 313 4045 sit:
341 3982 418 4066 (nec
433 4006 505 4048 esse
521 4006 599 4046 sane
614 3983 687 4074 ipse
702 3981 820 4062 credo,
835 3980 898 4048 scd
915 3984 1070 4074 profecto
1087 4006 1156 4050 nco
1170 3980 1265 4049 illurn

75 4189 84 4199 ‚
170 4098 212 4163 ol)
224 4120 369 4162 caussam
378 4094 400 4179 :)
423 4096 648 4188 qnidtandem
665 4120 706 4161 ex
721 4122 761 4163 eo
777 4098 1016 4190 consequitur?
1029 4125 1070 4165 au
1084 4122 1142 4192 qur
1133 4092 1270 4165 Plauti

165 4238 233 4278 nou
273 4211 350 4293 fuit,
384 4214 543 4280 continno
578 4237 621 4276 ue
659 4212 774 4278 aetatis
810 4213 949 4304 quidem
975 4213 1147 4281 Plautinae
1188 4236 1271 4347 esse,

165 4327 431 4397 existimabitur?
483 4308 591 4395 Immo
626 4327 734 4393 acrius
770 4330 866 4393 etiam
903 4329 1079 4397 instamus·
1112 4353 1267 4423 quamvis
