2872 4942
240 331 284 401 aa
466 338 584 393 rut’vrt
611 314 886 433 surripuerunt:
1146 325 1218 405 ³75

217 458 234 485 e
261 470 264 481 .
1174 472 1184 493 ¹.

189 524 227 607 (1
232 520 247 609 )
281 484 433 589 Sisenna
455 524 492 586 iu
518 524 762 588 commentario
786 522 937 603 Poenuli
954 521 1137 588 Plautinae
1153 510 1222 613 fa·

281 635 381 702 bulae
407 640 472 703 sio:
517 640 557 704 H
564 637 761 703 alonium
782 633 897 706 Poeni
920 635 1039 704 dicunt
1064 637 1223 731 detmw

280 751 505 845 producenda
529 751 664 849 syllaba
688 758 790 818 metri
812 756 931 844 gratia
954 757 1066 856 exigit
1085 750 1225 867 iantlps·
1278 836 1298 862 ἡ

190 861 249 951 (2)
273 865 430 934 vScaurus
455 871 492 933 iu
518 873 764 934 commentario
783 869 902 935 Plauti
927 873 966 935 in
983 870 1153 937 Pseudulo
1174 868 1227 938 di-

286 987 346 1048 cit:
370 980 512 1053 Malui
535 974 708 1078 διαίρεσις
734 989 835 1050 metri
859 1009 971 1050 causa.

186 1096 248 1183 (3)
284 1097 436 1166 Scaurus
471 1102 507 1164 in
541 1098 661 1164 eadem
687 1099 833 1200 fabula
851 1105 920 1166 sio:
970 1102 1033 1201 Nu
1042 1124 1107 1179 no⁴
1124 1105 1137 1166 i
1144 1125 1227 1166 ant:

287 1217 301 1279 i
308 1238 371 1278 am
396 1213 512 1281 divisit
537 1220 575 1281 iu
599 1215 686 1280 duas
706 1215 857 1307 syllabas
876 1216 990 1329 *tri
1011 1240 1127 1315 eausa.

162 1327 248 1412 ¹(l)
285 1328 435 1396 Sisenna
461 1335 498 1395 in
522 1329 683 1397 Rudente
704 1337 776 1423 sic:
827 1334 931 1399 Fuit
953 1335 1227 1424 extenteprima

282 1444 417 1535 syllaba
441 1449 544 1511 metri
570 1471 682 1512 outtsa.
734 1449 781 1514 Et
800 1464 922 1540 postea
946 1454 1011 1514 sie:
1045 1447 1226 1515 Habiliore

286 1577 393 1626 metro
420 1586 498 1626 usus
521 1577 585 1636 est,
620 1578 656 1628 ut
681 1562 768 1628 solet
793 1567 831 1630 in
858 1563 1034 1645 mulierum
1054 1569 1225 1630 oratione.

285 1671 414 1742 Postea
435 1680 498 1742 sio:
536 1679 777 1743 Latronem
804 1677 964 1770 producit
989 1684 1092 1744 metri
1114 1704 1227 1745 causa.

198 1785 251 1883 (5)
283 1790 383 1857 Idem
408 1793 559 1860 Sisenna
584 1797 622 1858 in
646 1790 899 1886 Amphitryone
922 1799 991 1861 sio:
1034 1798 1102 1862 His
1127 1814 1228 1889 (pitat-

289 1922 367 1972 tuor
386 1908 572 1999 generibus
598 1912 753 2000 quintum
779 1911 923 1992 accedit,
950 1910 992 1976 de
1005 1936 1134 2000 genere
1155 1934 1229 1978 ver·

285 2048 382 2088 suum
406 2030 465 2116 qui
489 2049 561 2090 non
586 2041 668 2090 sunt
693 2006 897 2092 uniusmodi.

193 2137 251 2222 (6)
287 2137 388 2206 Idem
413 2140 564 2208 Sisenna
588 2145 625 2206 in
654 2141 805 2232 Captivis
830 2147 893 2208 sic:
925 2146 995 2209 Hio
1020 2159 1181 2207 ornatu
1206 2169 1226 2210 s

293 2260 445 2324 litteram
471 2262 572 2323 metri
596 2281 700 2322 causu
719 2261 847 2344 amisit.

195 2375 252 2460 (7)
286 2375 386 2440 Idem
417 2373 568 2441 Sisenna
599 2378 636 2439 in
668 2369 851 2441 Aulularia
884 2378 947 2439 sic:
994 2376 1094 2442 Haec
1125 2398 1230 2439 sooria

169 2498 171 2500 ’
286 2493 507 2582 anapaestico
534 2505 642 2554 metro
669 2505 735 2565 est,
759 2488 823 2555 sed
835 2495 975 2557 concisa
995 2506 1076 2556 sunt
1098 2506 1135 2556 ut
1156 2514 1229 2556 nou

288 2606 472 2695 iutelligas.
928 2601 933 2614 '

239 2722 333 2804 Quae
362 2721 423 2786 etsi
446 2721 481 2784 in
505 2717 708 2785 Pseudolum
730 2736 861 2785 tantum
882 2721 1041 2812 seriptum
1065 2747 1083 2787 a
1102 2721 1228 2789 Scauro

143 2837 412 2905 commentarium
440 2853 615 2911 testantur,
648 2854 761 2902 tumen
783 2833 887 2920 multu
910 2838 982 2902 veri
1007 2855 1057 2904 est
1079 2836 1228 2916 similius,

143 2952 345 3046 reliquarum
372 2976 508 3044 quoque
533 2950 720 3019 fabularum
755 2951 809 3018 vel
836 2969 927 3019 certe
952 2951 1160 3045 quarundam
1185 2952 1228 3018 il·
1269 3003 1270 3006 η

143 3071 207 3136 lum
241 3070 465 3160 interpretem
502 3069 617 3163 egisse,
650 3094 749 3160 quam
784 3069 819 3133 in
843 3093 911 3133 -una
933 3067 1005 3135 sole
1033 3070 1228 3136 substitisse.

143 3188 301 3254 Ceterum
341 3186 433 3278 prius
466 3182 552 3248 illud
588 3182 744 3251 Pseudoli
772 3183 964 3276 exemplum
1001 3185 1107 3250 malai
1127 3183 1228 3252 hodie

143 3326 204 3368 nee
227 3318 335 3370 exstat
360 3326 422 3366 nec
456 3317 600 3392 propter
633 3296 1031 3392 eliquamoorruptelam
1053 3299 1160 3367 latere
1194 3303 1228 3366 in

143 3418 189 3496 iis,
216 3442 301 3508 quae
328 3434 470 3482 aetatem
496 3412 661 3496 tulerunt,
688 3417 796 3483 scenis
820 3412 976 3496 videtur,
1002 3415 1065 3483 sed
1090 3418 1229 3509 petitum

143 3558 213 3600 esse
251 3558 291 3598 ex
323 3530 483 3622 prologo,
515 3532 607 3596 cuius
642 3531 706 3595 iam
739 3532 786 3598 IV
822 3530 875 3596 vel
902 3534 932 3599 V
959 3523 1092 3599 saeculo
1119 3530 1229 3597 sabula

143 3653 297 3716 iacturam
324 3648 467 3725 fecemt,
505 3645 782 3738 quandoquidem
816 3673 858 3712 ne
891 3649 1129 3713 Ambrosianus
1156 3647 1231 3738 qui-

143 3764 220 3831 ilem
245 3763 334 3829 liber
359 3781 497 3856 praeter
524 3762 607 3827 duos
643 3780 809 3830 extremos
845 3789 970 3875 versu&
986 3765 1167 3855 quicquum
1189 3761 1231 3826 il-

143 3881 205 3965 ljus
231 3879 361 3973 prologi
389 3881 504 3946 tenuit.
556 3881 640 3945 Nam
668 3880 761 3972 quod
783 3883 935 3973 iuventus
978 3900 1042 3957 est,
1078 3881 1133 3969 qui
1170 3880 1231 3945 hos

142 4003 234 4091 ipsos
261 3997 344 4063 ditos
371 3995 552 4064 versiculos
580 3998 654 4062 satis
682 4021 752 4062 esse
771 3996 813 4061 ad
835 3964 1037 4091 exfflndum
1054 3997 1131 4060 iusti
1153 4020 1233 4088 pro-

144 4112 214 4207 logi
237 4139 354 4178 munus
378 4115 440 4178 sihi
468 4111 699 4204 persuaderet:
727 4111 806 4197 (vid.
822 4104 985 4178 Nietiuhri
1007 4110 1131 4202 Opusc.
1161 4111 1233 4178 hist.

146 4249 181 4298 et
207 4228 290 4322 phil·
317 4230 342 4307 Ι,
368 4257 402 4322 p.
428 4229 498 4298 169
527 4255 576 4322 sq.
586 4224 608 4313 z)
643 4227 679 4294 id
706 4226 842 4320 quidem
867 4251 1037 4318 nunquam
1065 4230 1159 4319 potui
1187 4238 1258 4296 sa?

147 4346 189 4412 tis
215 4344 385 4413 demirari.
