2872 4942
520 362 635 420 mirri
663 374 928 420 inruurnarutvs.
1193 351 1261 424 38¹

164 550 290 619 ,brevii‘
313 548 460 644 syllabae
487 552 521 615 in
548 550 702 616 Plautino
728 549 865 642 quidem
890 545 988 617 'v'ersu
1012 546 1139 628 habeat,
1155 564 1266 615 tamen

162 684 246 744 'non
272 654 391 732 ine'te
416 666 552 733 fortasse
578 665 767 732 videbimur
791 668 857 732 hoc
882 667 917 731 in
942 663 1017 732 loco
1044 663 1126 757 alim
1151 689 1267 732 exem-

119 848 127 859 ,
172 781 331 875 pti-Plan
384 781 614 861 irecordari‚
650 781 744 874 quod
769 807 832 875 per
857 806 892 847 se
918 781 994 846 satis
1018 779 1182 872 singulare
1209 800 1266 848 est

172 897 335 962 Omnium
364 899 451 994 enim
477 897 642 963 librorum
667 898 886 970 memoriain
913 893 1123 962 Gurculionis
1147 895 1204 976 IV,
1232 896 1266 976 3,

176 1012 222 1082 16
251 1013 385 1106 prodita
411 1013 494 1078 haec
520 1030 608 1077 sunt:

229 1151 336 1200 ΤΗ.
363 1121 426 1192 nec
424 1127 532 1229 nulii
556 1126 690 1220 quidem
716 1121 854 1193 libe'rtus
879 1125 965 1190 ullus
990 1119 1050 1190 e'st
1088 1147 1143 1192 tr
1165 1127 1266 1213 fact's

768 1235 969 1332 sapientius,

273 1358 375 1451 purim
405 1381 489 1449 pars
516 1328 703 1432 limatius,
736 1356 956 1449 libertosque
952 1351 1115 1422 liabent
1146 1373 1180 1422 et
1205 1380 1264 1423 eos

557 1442 597 1499 ἐν
766 1467 940 1539 de'serum.

169 1592 224 1657 Ibi
252 1528 327 1667 cum
353 1589 445 1656 nullo
474 1544 736 1659 modosdef'elffil
762 1613 860 1682 posse
882 1561 1043 1655 lenonum
1068 1590 1192 1655 mentio
1216 1566 1276 1655 vi·-

171 1707 315 1775 deretur
338 1708 587 1811 Lambinusquc
616 1707 796 1797 expetisset
820 1706 977 1786 militum,
1012 1706 1262 1773 convenientius

171 1776 359 1889 annianus
383 1818 496 1888 Dousa
523 1821 627 1888 Plaut
654 1813 855 1914 Explan,
821 1823 836 1885 Ι
883 1819 929 1890 ‘ll
965 1822 1179 1915 proponebat
1209 1817 1264 1890 la·

169 1940 500 2034 troitumeiusqus
519 1939 730 2006 coniecturae
758 1939 931 2005 veritatem
956 1939 1121 2029 persuasit
1146 1924 1261 2024 'laub-

168 2077 302 2132 manno‚
325 2054 440 2130 Pareo,
467 2053 622 2132 Grutero,
647 2053 830 2134 Gronovi0,
857 2052 985 2119 Bothio.
1030 2053 1069 2118 In
1097 2077 1138 2119 eo
1164 2052 1261 2119 nobis

170 2167 346 2234 offensioni
371 2193 506 2259 semper
529 2167 590 2233 fuit
611 2167 774 2259 producta
805 2169 979 2260 positionis
1013 2169 1045 2233 vi
1069 2169 1179 2235 brevis
1204 2191 1262 2234 vo·

169 2281 266 2350 calis:
295 2281 387 2374 quod
414 2285 500 2348 enim
530 2282 573 2348 de
590 2307 691 2372 agro,
717 2307 839 2373 agrum
855 2283 969 2360 formis
986 2284 1156 2350 verissime
1172 2286 1260 2353 Her-

167 2422 307 2463 mannus
332 2399 498 2464 annotavit
518 2397 626 2463 Praef.
648 2400 682 2463 in
709 2399 894 2464 Trinumm.
921 2424 955 2490 p.
970 2398 1034 2466 XV
1059 2424 1118 2492 sq„
1142 2399 1178 2465 id
1198 2425 1260 2492 pa-

167 2532 216 2580 tet
240 2511 348 2605 latius
365 2532 399 2580 et
422 2514 457 2578 in
483 2515 671 2580 universum
699 2538 803 2605 genus
830 2512 919 2580 cadit
943 2511 984 2597 *).
1023 2513 1114 2596 Quid
1139 2534 1258 2597 autem,

166 2631 194 2696 si
219 2654 261 2695 ex
286 2630 360 2720 ipso
387 2626 445 2695 illo
473 2627 631 2695 Sisennae
658 2626 785 2695 scholio
825 2626 1029 2721 aliquantum
1055 2631 1257 2699 auctoritatis

165 2745 300 2812 Dousae
327 2747 539 2811 coniecturae
563 2743 721 2812 accedat?
748 2731 916 2837 siquidem
941 2746 977 2810 in
1001 2745 1087 2812 hanc
1108 2746 1258 2837 speciem'

164 2860 257 2927 illius'
289 2861 392 2925 verba
431 2858 521 2924 haud
559 2858 774 2927 incommode
806 2858 1091 2953 redintegrentur:
1133 2877 1170 2926 ut
1200 2883 1256 2926 so-

164 2976 210 3042 let
250 2981 287 3042 iu
323 2977 499 3040 nzulierum
533 2980 701 3040 oratione.
754 2973 882 3062 Idem
914 2981 958 3040 in
989 2974 1255 3042 Curculione

163 3096 249 3158 sic:
287 3089 366 3121 ***
391 3087 521 3158 Postea
546 3095 613 3156 sic:
648 3092 839 3157 Latronum
867 3117 895 3158 e.
919 3118 952 3184 q.
979 3115 1005 3158 s.
1041 3077 1094 3174 Ita'
1116 3090 1254 3184 quidem

213 3404 238 3469 ⁴¹)
267 3400 333 3462 Vno,
352 3400 397 3449 sed
419 3415 450 3450 co
470 3401 593 3467 imprimis
612 3408 671 3467 apto
691 3399 809 3466 exemplo
828 3399 969 3464 ostendam,
996 3415 1071 3467 quam
1090 3406 1116 3450 et
1135 3408 1252 3468 quantana

187 3536 190 3542 ,
264 3485 311 3535 illa
338 3485 485 3537 observatio
514 3488 566 3538 vim
586 3489 669 3553 possit
684 3487 724 3544 ¹ud
743 3488 908 3554 gravissimas
928 3489 1092 3554 quaestiones
1110 3487 1252 3553 expedien-

266 3573 311 3624 das
332 3573 437 3624 habere.
482 3574 545 3626 Nam
573 3590 630 3625 curn
653 3574 761 3642 prologo
785 3575 1056 3627 Hautontimorumeuu
1083 3574 1176 3641 triplex
1203 3589 1252 3624 ex-

252 3667 315 3710 -stet
345 3661 401 3710 sive
423 3661 448 3710 in
478 3660 610 3711 codicibus
630 3662 685 3712 sive
705 3663 731 3712 in
753 3663 899 3714 criticorum
918 3661 1107 3713 commentariis
1125 3676 1214 3712 versus
1235 3661 1252 3711 5

266 3747 405 3834 scriptura:

364 3829 467 3919 Duplex
487 3868 552 3918 quae
570 3869 602 3902 ca
618 3861 767 3920 arpumento
785 3856 882 3921 factast
900 3855 1015 3924 duplici:

363 3938 466 4006 Duplex
483 3956 548 4005 quae
569 3957 601 3990 en
621 3949 769 4007 arpumento
788 3945 884 4008 [actast
900 3942 1026 4010 simplici:

362 4026 476 4105 Simplex
497 4043 561 4093 quae
583 4044 615 4077 en
634 4037 783 4095 argumento
802 4032 898 4095 factast
916 4029 1026 4097 duplici:

263 4131 385 4179 continuo
403 4138 509 4197 apparet
527 4130 617 4181 falsam
637 4147 695 4181 esse
713 4132 819 4198 primam
844 4139 869 4182 et
886 4134 986 4184 tertiam
1005 4133 1122 4200 quumvis
1139 4133 1172 4186 ub
1190 4137 1248 4204 ipso

261 4214 380 4267 Bentleio
399 4216 541 4267 defensam.
582 4217 672 4285 Equo
690 4226 775 4268 tamen
794 4217 854 4268 uolo
875 4217 925 4268 hoc
946 4234 1109 4287 consequens
1131 4237 1207 4288 esse,
1235 4239 1250 4274 a

262 4311 339 4369 poeta
357 4303 499 4368 prolectam
519 4319 578 4354 ease
597 4304 705 4355 mediam
723 4305 830 4355 formam
848 4304 923 4356 huius
943 4321 1044 4371 versus,
1072 4324 1148 4376 quem
1169 4316 1250 4362 totum

265 4406 326 4445 esse
346 4391 485 4448 insiticium
504 4391 532 4444 G.
552 4391 639 4445 lhnius
658 4391 722 4445 vidit
740 4393 844 4457 Quaen.
864 4393 963 4447 Terent.
983 4410 1009 4464 p.
1028 4396 1071 4464 42.
