2872 4942
541 358 733 401 interino.
1042 344 1046 353 '
1123 358 1183 401 xnt

87 561 161 603 non
198 535 300 626 magis
337 557 398 625 ego
433 531 641 623 quamualius
680 533 869 624 quisquam·
892 549 1006 601 contrn
1032 535 1188 624 gravissi·-

92 660 243 710 morum,
280 650 314 698 ut
340 630 532 708 videbatur,
564 634 826 699 testimoniorum
853 610 1186 699 succenseretis-'ausi
1212 706 1222 725 „

35 748 44 765 '
94 751 315 810 eramus,.ut
347 754 483 833 prorsus
514 730 558 803 de
586 730 699 799 medio
726 729 922 822 tolleremus
954 712 1189 835 pictae-Dos.

91 832 429 915 munimentorum,
455 828 491 909 id
523 855 612 895 nunc
647 849 681 897 ut
702 830 894 897 laciendum
917 848 1033 922 putem
1060 855 1188 925 prope·
1232 910 1241 929 υ

94 931 237 1001 modum
262 933 427 1022 persuasit
443 927 576 1021 Bergkii
601 931 705 997 nostri
730 927 872 997 facunda
891 930 1097 997 ratiocinatio
1116 933 1188 1022 pri-

92 1032 195 1099 vatim
232 1055 340 1120 nuper
375 1053 508 1095 mecum
534 1024 783 1098 communicata.
814 1030 874 1115 'Et
903 1020 1072 1095 Horatiani
1112 1035 1187 1120 qui*

88 1131 176 1219 ldecu
190 1154 301 1195 versus
325 1127 443 1219 (Epist.
465 1127 507 1206 ll,
532 1136 561 1200 l,
584 1125 667 1211 173)
681 1148 779 1219 quam
799 1098 857 1194 illa
873 1130 1188 1220 interpretationem
1231 1163 1233 1167 ¹

96 1227 370 1297 commendabat:
394 1242 544 1316 quiarttus
562 1225 803 1293 dossennus
821 1231 858 1293 in
877 1226 1080 1293 inducendis
1105 1230 1187 1295 edu.
1210 1246 1227 1281 ι
1323 1224 1339 1261 ⁸

96 1327 191 1394 cibus
213 1330 378 1418 parasitis
402 1325 590 1393 Plautus
616 1328 678 1391 sit:
706 1325 848 1392 eandem
874 1328 936 1393 iam
955 1324 1053 1392 video
1082 1328 1119 1394 C.
1146 1329 1187 1395 O.

96 1427 266 1495 Muellero
311 1425 410 1491 tribu-i
450 1427 492 1491 ab
526 1423 679 1503 Orellio,
720 1426 771 1491 cui
796 1450 814 1490 s
843 1419 1042 1491 dubitationi
1075 1426 1189 1519 ajiqno

94 1525 200 1593 modo
221 1525 303 1592 licet
321 1545 512 1615 comparato
535 1522 637 1593 bucco
664 1525 806 1590 nominis
830 1551 890 1591 usu
913 1524 967 1610 (cf.
995 1549 1054 1589 nos
1071 1552 1103 1617 p.
1125 1519 1188 1614 32)

95 1614 288 1693 ocelirrere.
347 1625 431 1689 Natu
466 1622 559 1716 quod
591 1626 635 1689 ita
677 1648 744 1689 non
780 1614 857 1690 sene
903 1625 1047 1689 urbanus
1081 1625 1189 1693 Plauti

98 1720 307 1792 obtrectator
343 1723 496 1789 Horatius
533 1725 661 1791 existit:
702 1722 950 1821 taliquuldffim
984 1725 1188 1793 inurbanitas

95 1849 167 1891 non
200 1843 310 1914 potest
349 1824 396 1895 ab
426 1824 494 1889 eius
533 1822 568 1887 in
603 1822 666 1887 boe
702 1848 827 1914 genere
862 1825 1051 1889 morositate
1083 1824 1190 1891 aliena

96 1922 220 1990 rideri.
271 1924 541 1989 Commemorata
566 1939 676 1988 autem
703 1919 792 2014 apud
822 1922 985 1989 Senecam
1012 1924 1115 2014 Epist.
1142 1926 1190 1993 89

100 2021 267 2091 dossenni
312 2035 568 2085 monumentum
602 2040 702 2112 atque
737 2021 882 2111 sopleinn
898 2048 901 2055 ·
919 2021 1086 2087 dossenni
1123 2047 1188 2089 non

97 2121 287 2188 necessario
326 2118 377 2187 'ad
422 2137 556 2210 poetam
593 2122 809 2191 Dossennum
853 2104 1025 2212 spectare,
1075 2147 1188 2186 verum

45 2270 54 2289 .
96 2219 237 2285 liberius
278 2243 382 2315 genus
417 2218 663 2309 interpretandi
704 2219 798 2286 nullo
833 2221 968 2311 negotio
1002 2218 1188 2298 admittere,

99 2322 177 2386 satis
205 2318 452 2385 iam'lllunkius
481 2317 659 2410 disputavit
686 2317 727 2383 de
750 2319 813 2383 fab.
841 2316 946 2384 Atell!
967 2342 1001 2409 p.
1027 2318 1083 2386 35.
1127 2319 1189 2384 Re-

100 2436 165 2486 stat
189 2416 288 2483 Plinii
312 2417 539 2483 testimonium
565 2420 607 2485 N.
635 2419 675 2482 H.
699 2417 790 2496 XIV,
820 2402 873 2497 l3,
900 2417 957 2495 92,
990 2417 1082 2510 quod
1108 2445 1189 2511 per:

101 2519 295 2607 scripsimus
314 2547 355 2609 ¹p.
369 2532 431 2587 370
447 2542 496 2608 sq.
523 2517 575 2580 Ibi
610 2517 811 2608 igitur-eum
836 2516 925 2585 haee
949 2533 1096 2583 exstent:
1121 2517 1192 2584 Sed

103 2614 235 2680 Fabius
264 2617 464 2681 Dossennus
502 2615 554 2679 Itis
590 2614 738 2681 versibus
776 2614 933 2680 decernit
944 2662 1039 2680 .....
1082 2632 1126 2697 cn
1153 2623 1189 2682 in

11 2770 19 2785 ,
35 2720 40 2731 ’
105 2698 343 2793 Αεήαὴῐίοηε
358 2764 365 2779 .
380 2765 386 2779 .
402 2765 408 2779 .
423 2762 431 2778 .
447 2739 468 2778 .:
495 2715 546 2779 eit
558 2713 694 2805 quidem
712 2715 824 2781 verbis
841 2713 1000 2806 Bergkius
1028 2719 1194 2808 sagaciter

101 2829 201 2902 putat
228 2836 293 2878 non
316 2815 485 2897 Dossenni
510 2839 622 2878 versus
647 2813 730 2892 dici,
764 2813 823 2880 sed
850 2813 1034 2895 Plautinos,
1068 2818 1189 2908 quibus

100 2911 240 3002 quidem
266 2932 511 2981 controversam
540 2915 766 3004 quaestionem
794 2912 953 2978 dirimere
977 2914 1095 3006 aliquis
1122 2918 1188 2980 sive

96 3009 262 3079 litteratus
288 3013 355 3078 sive
379 3011 621 3079 iureconsultus
644 3012 767 3079 Fabius
795 3015 987 3079 Dorsennus
1011 3015 1213 3103 perhibes-l¹

100 3126 169 3175 tur:
204 3110 487 3200 quemadmodum
501 3174 510 3203 .·
526 3110 664 3175 eandem
698 3114 894 3176 sententiam
930 3112 1011 3177 item
1038 3111 1188 3181 Plautino

98 3214 197 3274 versu
225 3212 465 3301 comprobasse
487 3208 663 3289 Scaevola,
702 3210 817 3276 Aelius
854 3229 886 3276 et
911 3211 1040 3277 Atreius
1074 3213 1135 3293 Icti
1173 3240 1191 3309 p

99 3306 207 3387 Plinio
235 3312 353 3393 statim·
381 3327 459 3400 post
484 3328 668 3373 narrantur.
721 3310 793 3391 Quo
830 3308 931 3375 etde
958 3300 1189 3378 Acharisiione
1227 3340 1242 3369 ο
1307 3346 1313 3359 ·

103 3403 253 3473 Plautina
286 3407 399 3474 fabula
432 3409 655 3474 testimonium
693 3410 881 3474 Nonianum
918 3413 1094 3476 conuenire
1105 3462 1113 3490 ,
1157 3429 1190 3478 et

104 3500 194 3577 illuri·
211 3505 322 3598 aliqua
350 3526 506 3599 exparte
532 3506 641 3572 videri
667 3505 912 3575 accommodari
940 3533 1060 3599 posse,
1097 3509 1190 3601 quod

98 3602 223 3669 Fabiae
244 3607 352 3698 gentis
377 3614 647 3699 cognomentum,
672 3606 700 3673 si
719 3610 827 3672 minus
846 3608 957 3698 ipsum
970 3609 1197 3684 Dorsennus‚·

96 3719 131 3766 at
155 3701 274 3769 saltem
292 3706 406 3772 Dorso
428 3705 483 3772 vel
510 3705 646 3770 fortasse
660 3706 796 3771 Dorsuo
822 3722 925 3772 exstet
952 3705 1042 3798 apud
1060 3709 1188 3773 Liuium

98 3818 133 3865 et
168 3803 341 3870 Valerium
371 3807 564 3879 Maximum.
599 3841 646 3852 -
680 3806 836 3887 Quaeqsi
869 3828 936 3881 nou
972 3808 1043 3871 sine
1079 3804 1221 3898 aliqua¹

96 3901 338 3989 probabilitate
377 3903 541 3996 disputata
583 3922 676 3979 sunt,
713 3902 878 3970 Dossenni
921 3929 1057 3970 nornen·
1088 3896 1219 3972 etiam*

93 4028 125 4088 p.
144 4016 207 4109 ίῳ
233 4020 267 4068 et
287 4019 348 4076 196
372 4005 467 4070 nobis
502 4002 840 4075 omittendurmterat.
876 4037 921 4049 -—
956 4002 1044 4067 Illud
1079 4022 1189 4072 autem

94 4097 173 4164 fieri
195 4100 291 4168 ¹nullo
319 4100 419 4167 modo
451 4118 586 4195 potest,
620 4101 712 4193 quod
738 4102 903 4195 placuisse
935 4101 1102 4170 Muellero
1140 4107 1186 4167 vi-

96 4194 186 4282 deo,
221 4220 255 4266 ut
280 4194 490 4267 ¹liorsennum
516 4192 1017 4293 Horatiauum⁴interpretemur
1043 4203 1188 4269 arandus

95 4321 192 4361 cums
222 4302 314 4390 quod
331 4300 391 4367 ille
417 4319 454 4367 ut
467 4300 593 4391 faceret
613 4318 730 4392 metus⁸
750 4321 800 4370 est
824 4319 906 4394 puto
928 4278 1087 4373 educitis
1115 4305 1188 4396 cpi·-

608 4562 615 4574 .
657 4598 691 4663 ὑ
1142 4554 1151 4583 .

664 4742 689 4804 ,ἱ
