2872 4942
401 366 650 416 noaretntana
680 368 872 414 marmiun.
1110 341 1181 418 467

143 569 165 610 r.
216 538 323 610 Modo
349 565 392 606 ne
418 558 646 620 retractasset,
669 537 763 632 quod
789 541 960 607 sanissimo
984 538 1108 608 iudicio
1134 542 1186 607 in-

143 675 307 752 gaveratp
329 681 398 722 non
435 657 522 721 enirn
558 654 659 720 ullum
696 656 763 721 vim
797 655 1025 747 persuadendi
1062 657 1188 724 habent

143 798 187 839 ae
214 773 368 839 subiecit:
393 769 453 837 An
480 795 558 836 vero
585 769 629 836 de
655 768 828 835 industria
852 770 996 838 Plautus
1023 775 1091 869 ipsu
1116 771 1186 838 dis-

143 889 296 955 culavit?
334 889 396 955 Itu
420 904 482 954 est.
522 886 686 954 Consulto
711 890 832 953 reiecit
857 910 990 952 omnem
1014 912 1090 953 eam
1104 913 1188 954 nur-

143 1008 290 1078 tionem,
317 1027 361 1066 ne
386 1007 521 1094 saepius
546 1007 583 1068 in
608 1025 714 1068 sceno
740 1019 864 1069 contro
889 1001 999 1093 legem
1023 1009 1187 1069 comicum

162 1144 237 1184 cum
260 1135 491 1210 spectatorum
518 1118 634 1184 taedio
661 1117 782 1184 eadem
806 1120 1028 1184 iterarentur.
1071 1115 1185 1211 Atque

163 1238 235 1328 ipse
259 1238 297 1299 iu
312 1233 393 1326 fine
416 1237 552 1300 innuit:

200 1390 264 1434 ru.
288 1366 420 1434 Eadem
445 1391 511 1458 ego
536 1391 641 1459 opera
667 1365 751 1433 llaec
776 1365 840 1434 tibi
864 1390 1064 1448 narravero,

203 1485 287 1573 Quis
309 1507 362 1549 me
387 1484 551 1575 exemplis
576 1481 679 1548 hodie
701 1483 756 1548 ille
779 1482 973 1574 ludificatus
998 1500 1059 1549 est.

167 1640 208 1681 ex
242 1614 295 1682 his
330 1608 467 1708 quidem
491 1615 642 1680 versibus
667 1617 808 1706 petitum
834 1632 1064 1709 argumentum
1089 1554 1204 1797 f*

143 1756 204 1797 era
233 1747 369 1797 evertas.
436 1728 591 1796 Necdum
625 1729 714 1795 erlim
747 1728 800 1796 vel
828 1729 886 1796 illa
912 1730 1043 1797 Simoni
1077 1726 1131 1796 sali
1170 1756 1188 1796 a

143 1862 304 1926 tumeret,
342 1870 443 1938 quam
476 1843 518 1910 (le
545 1845 679 1936 hospite
711 1846 746 1910 in
772 1845 1018 1938 Theuropidiis
1047 1842 1188 1912 aedibus

143 1961 233 2055 pitali
269 1959 373 2028 caede
405 1940 530 2028 necato⁸
558 1959 798 2052 derelictisque
825 1961 869 2028 ob
893 1960 930 2027 id
956 1961 1022 2027 illis
1048 1960 1204 2068 aedibus

143 2079 225 2144 anio
254 2096 462 2145 commentus
488 2094 560 2155 emt
584 2076 628 2157 ΙΙ,
652 2078 689 2145 ‘22
713 2075 768 2143 vel
796 2102 883 2170 quae
910 2074 952 2143 de
978 2077 1036 2143 filii
1065 2079 1189 2145 comis-

143 2194 280 2261 ionibus
319 2212 496 2286 emptaque
532 2192 678 2259 danistae
717 2210 853 2285 urgento
889 2194 1135 2374 amieaffnex
1169 2219 1187 2261 e

143 2306 327 2377 llid'amatis
354 2311 457 2375 servis
485 2326 696 2401 compererat
720 2309 778 2389 IV,
795 2311 827 2376 Q.
865 2311 956 2392 Quae
984 2333 1002 2375 o
1040 2311 1093 2374 nia
1108 2334 1189 2402 per·

146 2445 204 2493 ent
230 2427 382 2519 profecto
409 2424 451 2491 ad
475 2423 671 2492 ludificandi
707 2423 859 2518 exempla
889 2423 968 2507 illa,
1006 2425 1127 2518 quibus
1154 2452 1189 2493 se

143 2540 245 2608 lilirio
278 2534 429 2647 lffitum
464 2567 536 2607 esse
578 2538 820 2633 Theuropides
856 2543 1014 2633 queritur.
1078 2541 1120 2607 Et
1153 2560 1189 2610 ut

143 2682 181 2725 ec
208 2659 344 2739 mittam,
370 2656 477 2751 quid?
503 2659 531 2725 si
557 2658 708 2750 priorem
731 2680 873 2735 versum,
897 2682 997 2749 quem
1025 2682 1093 2725 non
1112 2682 1185 2725 esse

143 2798 264 2887 agrum
291 2792 434 2840 metrum
458 2774 574 2866 arguit,
601 2773 649 2839 sic
672 2772 903 2865 suppleveris:

193 2902 307 2974 Sume.
360 2929 423 2978 ΤΗ.
465 2903 650 3000 en'clemquu
685 2926 791 2998 opera
824 2904 909 2972 Isaac
951 2900 1086 2998 [porro]
1123 2905 1186 2975 tibi

586 3020 788 3103 nurffrareru

196 3137 301 3227 Quis
303 3161 354 3200 me
381 3131 481 3201 leodic
508 3137 642 3229 exemp
641 3164 705 3203 as
720 3135 848 3202 ud
776 3135 976 3230 flentur
1000 3136 1099 3224 θεῖ’)

143 3258 192 3338 rll,
235 3272 373 3336 Terent.
409 3271 586 3338 Heautont.
623 3273 680 3353 IV,
707 3271 739 3352 5,
766 3269 867 3356 23ss
925 3273 973 3338 Ita
1007 3275 1095 3338 enim
1129 3274 1179 3339 rei

143 3412 217 3452 unia
245 3387 352 3478 potuit
377 3387 442 3450 iam
468 3387 631 3480 patefacta
657 3414 748 3469 esse,
788 3406 955 3455 ettamen
982 3391 1177 3482 Tlseuropi-

143 3529 150 3570 s
178 3503 278 3568 etiam
308 3501 442 3594 plenius
475 3523 507 3569 et
545 3504 738 3597 explicatius
773 3505 902 3572 Simoni
937 3532 1008 3571 rem
1041 3531 1175 3573 omnem

143 3642 245 3684 rrrare
277 3616 371 3682 velle.
440 3620 636 3713 Quanquam
675 3620 799 3688 eodem
842 3623 915 3688 iure
953 3627 1046 3688 intus
1083 3625 1175 3689 inse-

145 3784 152 3800 .
194 3769 241 3780 -
292 3733 365 3799 Nec
391 3759 471 3801 vero
499 3734 542 3801 de
579 3736 689 3804 taedio
723 3756 946 3831 spectatorum
978 3758 1048 3804 erat
1081 3736 1173 3830 quod

143 3878 336 3921 ..fi-.-

143 3991 168 4058 *J
186 3988 292 4041 Rectius
312 3989 380 4041 enim
400 3991 437 4039 sie
455 3989 591 4056 scripsisse
608 3990 699 4042 videor
716 4006 792 4058 quam
814 4007 872 4043 cum
890 3990 982 4043 Bothio

261 4085 322 4148 Quis
340 4083 398 4136 mc'd
415 4083 535 4152 exemplis
552 4084 626 4135 lodie
645 4084 788 4151 ludificatus
805 4095 849 4138 est.

187 4177 253 4231 Nm
271 4179 318 4229 etsi
339 4178 383 4228 ille
403 4190 453 4230 non
472 4187 511 4230 est
529 4194 591 4229 sane
610 4180 636 4229 in
658 4179 805 4245 codicibus,
833 4154 917 4232 tamen
942 4189 967 4234 et
994 4179 1175 4249 eludifieutua

156 4246 356 4421 gestaque
366 4273 495 4331 Palatinus
517 4275 650 4341 praebent,
670 4283 696 4327 et
715 4274 831 4329 lacunae
840 4278 951 4345 spatium
970 4285 1104 4330 antaeum
1123 4293 1188 4365 tra-t

242 4358 420 4422 “fleeurtatus
440 4348 525 4422 haliet.
