2872 4942
413 338 665 417 nosrsatanitr:
694 373 887 418 attvrtnaa.
1122 316 1193 421 pm

500 653 866 744 CaputH.›

525 820 582 882 De
609 817 786 884 lacunis.

598 982 627 1070 s.
667 989 720 1050 t..

207 1141 351 1204 Tantum
379 1136 424 1204 de
451 1162 529 1205 vero
557 1120 730 1204 scenarum
766 1159 857 1206 aetus
894 1141 981 1206 tertii
1015 1142 1194 1233 quartique

137 1251 237 1333 dine,
265 1280 366 1347 quem
393 1256 814 1335 Ambrosia'niauctoritate
840 1280 977 1348 prorsus
996 1256 1191 1322 confirmare

137 1364 207 1439 :uit
257 1368 471 1463 Pergendum
498 1388 548 1435 est
574 1369 617 1435 ad
643 1369 790 1464 reliquas
818 1371 957 1438 schedas
978 1371 1127 1438 eiusdem
1151 1371 1192 1438 li-

137 1486 160 1549 ·i
185 1484 374 1578 diligentius
403 1485 631 1565 excutiendas,
658 1488 725 1552 sive
750 1513 803 1552 eas
823 1489 1018 1578 superstites
1043 1489 1110 1553 sive
1130 1487 1192 1554 de-

1134 1560 1163 1623 ἱ

137 1590 264 1681 siditas,
292 1600 427 1695 quando
455 1604 516 1668 hae
545 1625 681 1695 quoque
709 1600 792 1693 quid
820 1602 899 1669 olim
926 1604 1189 1670 continuerinte

137 1719 320 1809 perstitum
349 1721 597 1810 comparatione
616 1717 823 1810 intelligitur,
850 1737 1028 1812 postquam
1054 1744 1190 1813 magna·
1288 1741 1294 1751 ·

139 1857 178 1898 m
216 1832 347 1899 illarum
380 1837 552 1901 turbarum
584 1835 763 1901 immunem
794 1834 895 1901 fuisse
927 1835 1187 1902 Ambrosianum

144 1950 216 2016 tuit.

202 2066 244 2129 Et
268 2082 304 2130 nt
329 2066 369 2130 ah
395 2064 435 2130 iis
464 2064 643 2145 ordiamur,
661 2091 748 2158 quae
776 2068 972 2157 superstites
1000 2084 1087 2144 sunt,
1115 2091 1189 2158 gra-

137 2183 307 2246 ssirnarum
334 2181 526 2246 lacunarum
551 2182 676 2248 indicio
703 2180 779 2247 illae
806 2199 899 2261 sunt,
927 2205 1007 2275 quas
1034 2186 1070 2249 M
1099 2201 1132 2248 et
1159 2183 1190 2266 Q

137 2296 220 2360 teris
246 2297 454 2387 signavimus.
509 2295 602 2361 Illius
630 2296 719 2361 enim
746 2295 983 2389 paginaaltera
1001 2294 1102 2383 (448)
1131 2321 1188 2362 sex

137 2409 217 2476 buit
240 2412 280 2476 ab
306 2411 379 2503 ipso
406 2412 500 2478 initio
527 2437 640 2478 versus
667 2413 756 2478 inter
788 2437 867 2493 eos,
907 2414 965 2505 qui
999 2437 1089 2478 nune
1112 2429 1189 2478 sunt

137 2523 158 2603 '‚
182 2529 215 2605 2,
240 2527 286 2595 30
322 2525 434 2613 (Heus
460 2551 538 2602 vos,
557 2514 671 2619 pueri)
702 2544 735 2593 et
760 2531 803 2598 31
842 2526 947 2616 (Erus
971 2527 1026 2593 tic
1052 2525 1184 2613 noster)

137 2641 329 2734 :erpositos
393 2645 543 2727 Quorum
574 2669 730 2710 versuum
760 2668 872 2736 prope
908 2641 1047 2710 evanida
1085 2646 1187 2711 vesti.

137 2782 169 2837 t,
199 2758 254 2823 vix
278 2760 433 2825 umbram
461 2758 628 2852 quandam
654 2745 837 2826 litterarum
864 2760 1061 2841 referentia,
1087 2759 1187 2827 litho-

137 2874 215 2966 aphi
243 2898 346 2965 opera
372 2876 618 2965 repraesentari
643 2875 678 2940 in
708 2873 836 2941 adiecta
862 2877 940 2942 huic
972 2879 1111 2970 paginae
1138 2876 1186 2942 ti-

138 2985 177 3054 la
203 2991 294 3056 iussi.
345 2991 371 3054 E
399 2991 520 3082 quibus
547 2992 574 3056 si
603 2992 748 3057 extiterit
780 2990 996 3084 qui.voculas
1022 2993 1184 3084 probabi-

137 3126 174 3170 31·
197 3107 354 3184 extricet,
387 3104 541 3172 laetabor
565 3105 801 3200 laudahoque3
838 3104 996 3200 equidem
1023 3109 1183 3197 abstipe0‚

137 3241 200 3310 lue
229 3247 270 3288 eo
297 3224 421 3314 magis,
446 3220 539 3314 quod
565 3220 608 3306 ad
633 3234 824 3288 sermonum
850 3224 1074 3315 integritatem
1102 3249 1183 3290 con·

137 3341 362 3431 fluitatemque
388 3338 471 3403 nihil
500 3339 679 3431 quicquam
693 3321 915 3405 desideratur.
949 3339 1069 3432 Itaque
1088 3343 1182 3435 iocos

139 3453 260 3519 osdam
288 3473 319 3519 et
345 3454 475 3520 facetias
491 3449 713 3545 'interpositas
740 3455 955 3547 fuisseputo,
983 3458 1103 3548 quihus
1122 3442 1183 3523 ali-

137 3572 294 3662 antisper
319 3569 579 3662 Theuropidem
602 3570 725 3637 servoli
748 3569 895 3658 ludibrio
922 3571 1096 3652 haberent,
1120 3573 1182 3668 sed

168 3702 293 3750 tamen*
306 3703 340 3750 ut
365 3684 572 3777 petulantior
587 3687 750 3754 Phaniseo
779 3711 957 3752 conservus
973 3703 1068 3767 esset,
1096 3712 1181 3780 quo-

144 3821 182 3866 tn
208 3801 250 3866 de
277 3801 334 3868 illo
362 3828 464 3867 senex
488 3797 569 3869 volt
597 3826 677 3866 nam
703 3818 737 3866 te
763 3804 807 3868 ait
832 3826 904 3866 esse
931 3800 1084 3867 arbitror
1097 3827 1180 3894 pue-

137 3932 169 3977 n
190 3915 343 4007 probum.
395 3919 491 4008 Ergo,
509 3942 582 3982 cum
608 3920 778 4008 quaerenti
806 3917 896 3981 seni:

193 4017 288 4098 Heus
303 4058 373 4108 vos,
395 4037 504 4125 pueri,
530 4031 613 4123 quid
630 4036 706 4097 istie
725 4033 856 4122 agitis?
880 4034 963 4128 quid
975 4040 1058 4100 istas
1083 4033 1180 4099 aedis

576 4149 778 4238 frangitis?

159 4263 253 4329 initio
277 4261 348 4329 *tale
380 4263 538 4357 quiddam
572 4262 842 4356 respondissent:
878 4264 961 4358 quid
985 4265 1023 4331 id
1047 4264 1095 4330 ad
1120 4265 1179 4330 te?

137 4389 170 4438 ts
193 4403 248 4444 res
281 4402 380 4461 cura,
414 4402 485 4445 non
512 4379 666 4456 alienas,
704 4397 738 4448 et
763 4405 849 4473 quae
877 4382 1015 4474 eogitari
1039 4365 1181 4474 possunt
