2872 4942
523 373 685 415 ratuvunt
713 373 906 414 atavrtuta.
968 400 971 406 .
1179 345 1249 415 557

165 539 355 631 procedere
381 564 476 630 nego·
522 542 563 606 Et
588 539 759 631 displicuit
781 539 916 605 illorum
940 538 1071 607 medius
1099 568 1251 609 versuum

164 657 229 719 iam
265 656 452 734 Graucrto,
487 655 572 720 adeo
613 673 648 719 ut
677 653 902 720 inducendum
943 654 1076 724 diceret
1105 658 1140 723 in
1163 661 1252 741 Diae.

165 769 321 836 scholast.
346 797 372 836 a.
403 771 496 840 1829
524 773 610 861 p.3t
641 790 750 836 annot.
802 772 875 851 Quo
902 790 1028 837 servato
1056 776 1169 866 negari
1195 800 1255 839 ne-

166 888 241 978 quit
266 885 363 951 valde
391 874 599 963 claudicare,
636 913 721 978 quae
756 885 860 951 laxius
895 911 972 951 sane
1004 905 1036 952 et
1065 887 1254 979 languidius

166 1002 391 1069 subiiciuutur
426 999 632 1099 Quanquam
658 1000 792 1066 labores
820 1027 847 1066 e.
875 1028 908 1093 q.
936 1027 981 1068 s.:
1006 1029 1091 1094 quae
1119 1029 1188 1069 non
1214 1029 1254 1069 ex

165 1115 229 1183 illo
256 1119 366 1209 potius
399 1143 494 1182 versu
517 1143 664 1210 quante
695 1118 923 1212 superioribus
950 1115 1117 1184 nectenda
1153 1136 1253 1185 erant.

165 1231 279 1298 Multo
313 1235 410 1297 etiam
443 1233 572 1324 aegrius
606 1233 671 1297 hoc
704 1233 797 1307 feru,
832 1232 926 1323 quod
958 1234 1075 1323 primis
1105 1235 1254 1301 versibus

165 1347 301 1415 duobus
326 1373 389 1413 nec
416 1347 496 1415 duas
522 1350 701 1414 sententias
724 1349 906 1413 enuntiatas
931 1348 1046 1431 rideo,
1068 1375 1131 1414 nec
1156 1351 1253 1415 unius

167 1466 251 1529 bina
282 1465 448 1539 membra,
480 1462 538 1529 sed
575 1463 717 1529 eandem
752 1462 984 1529 molestissime
1017 1466 1067 1530 bis
1095 1465 1254 1556 positam:

166 1578 304 1671 quaudo
331 1598 409 1670 post
433 1584 559 1644 amicus
574 1578 702 1669 firmus
727 1582 855 1644 restitit
881 1577 963 1642 nihil
991 1580 1140 1671 profecto
1176 1581 1255 1646 novi

165 1692 301 1760 accedit
325 1695 375 1759 his
402 1693 557 1762 adiectis:
585 1718 693 1784 neque
710 1693 897 1760 demutavit
927 1692 971 1759 de
991 1693 1096 1784 firma
1110 1695 1255 1787 fide.—

121 1836 127 1851 ··
166 1813 221 1876 Ex
249 1811 309 1888 his,
337 1835 423 1900 quae
440 1812 586 1877 breviter
604 1810 794 1901 significavi,
821 1809 1069 1902 propemodum
1083 1811 1148 1876 iam
1170 1837 1251 1879 con·
1318 1834 1324 1849 ·

164 1927 308 1994 sectaria
337 1944 397 2005 est,
425 1952 524 2018 quam
547 1924 725 1990 ineundam
744 1943 910 2017 putemus,
938 1925 1140 1992 emendandi
1161 1931 1254 1996 ratio.

163 2043 303 2108 Etenim
333 2068 407 2108 cum
432 2044 466 2106 in
488 2043 616 2108 Vetere
652 2040 770 2108 codice
804 2041 852 2108 sic
878 2043 995 2134 scripti
1022 2041 1154 2110 Stasimi
1180 2070 1255 2110 ver-

162 2184 223 2225 sus
252 2176 394 2223 exstent:
653 2247 656 2252 Ι

276 2274 346 2338 Hic
371 2296 444 2337 meo
472 2297 530 2338 ero
558 2277 665 2338 amico
692 2272 922 2365 solusflrmus
947 2276 1075 2338 restitit

269 2391 386 2480 Neque
409 2388 596 2454 demutavit
619 2393 768 2454 animum
795 2387 837 2453 de
860 2387 965 2478 firma
982 2387 1057 2478 fide

274 2505 480 2596 Quanquam·
504 2503 638 2570 labores
664 2505 786 2569 multos

273 2618 345 2686 Sed
368 2620 424 2684 hie
446 2644 532 2684 uitus
558 2624 685 2800 atq
709 2624 863 2709 suspicor
887 2634 1004 2684 servat
1018 2617 1130 2708 fidem

275 2733 326 2801 Ob
352 2718 424 2801 rem
449 2734 565 2801 labore
591 2758 699 2800 mem
725 2760 793 2826 ega
818 2740 944 2826 cepisse
971 2758 1102 2801 censeo.
1154 2736 1254 2861 Lys'i-

374 2934 376 2938 ·
761 2851 855 2916 telis:
919 2934 921 2939 .

167 2986 315 3061 apparet
343 2992 416 3031 eum
451 2992 599 3044 versum,
636 2967 692 3058 qui
726 2992 792 3059 quo
821 2968 947 3059 positus
982 2985 1030 3032 est
1063 2964 1139 3032 loco
1174 2966 1256 3031 ferri

165 3090 483 3178 prorsus‘nequeat,
514 3081 635 3148 eodem
659 3085 730 3147 iure
757 3107 818 3148 nec
841 3080 910 3147 ullo
928 3081 1028 3148 modo
1047 3080 1170 3147 maiore
1198 3107 1255 3148 co-

165 3221 247 3266 natu
272 3217 349 3291 post
375 3224 448 3263 eum
478 3201 535 3290 qui
563 3199 799 3290 consequitur,
833 3223 930 3289 quam
958 3223 1031 3263 cum
1060 3199 1253 3264 Hermanno

169 3335 248 3382 aute
275 3340 347 3379 eum
375 3315 433 3405 qui
458 3313 631 3405 praecedit
658 3312 825 3378 collocari.
862 3315 888 3377 E
913 3339 978 3405 qna
1000 3315 1129 3379 ratione
1153 3313 1253 3405 longe

166 3430 301 3496 diversa
328 3432 373 3494 vis
401 3431 583 3502 sententiae
610 3430 691 3495 haec
717 3446 791 3519 apta
814 3446 872 3508 est,
901 3448 935 3494 ut
959 3429 1164 3520 Quanquam
1178 3454 1253 3495 cum

165 3571 228 3612 suo
257 3546 426 3633 enuntiaQ
449 3545 489 3609 ad
518 3544 623 3611 solum
644 3543 827 3611 secundnm
851 3571 981 3610 versum
999 3548 1171 3636 pertineat,
1196 3545 1249 3608 hic

158 3663 276 3727 atatem
314 3660 473 3726 molestae
510 3679 542 3726 et
576 3661 701 3725 inutilis
736 3663 943 3751 repetitionis
981 3663 1106 3727 crimen
1145 3661 1249 3750 ipsius

166 3777 330 3844 enuntiati
357 3775 445 3841 illius
468 3777 657 3843 accessione
679 3775 818 3867 effugiat,
845 3778 892 3842 sic
916 3775 1067 3866 quidem:
1093 3776 1248 3840 Hiemeo

165 3918 227 3960 ero
255 3896 382 3957 amicus
404 3892 496 3956 solus
510 3890 639 3982 firmus
665 3895 811 3964 restitit,
847 3916 888 3955 ac
913 3915 957 3954 ne
983 3889 1154 3955 laboribus
1178 3894 1253 3982 qui·
1282 3909 1284 3914 “

165 4009 246 4075 dem
271 4011 429 4081 sunuuis,
463 4030 546 4099 qttos
580 4010 613 4070 ei
633 4005 722 4070 illius
747 3994 1109 4070 caussdsustiuendos
1131 4009 1251 4092 fuisse

152 4146 310 4221 „censam
351 4138 387 4186 ut
416 4125 566 4187 animum
598 4119 642 4184 de
660 4118 764 4210 firma
789 4118 862 4207 fide
896 4117 1088 4185 demutaret
1122 4108 1253 4187 moveri

158 4228 287 4332 poiuit.
341 4239 468 4322 Quibus
501 4262 591 4303 nuuc
627 4235 758 4300 demum
788 4235 1025 4326 percommode
1053 4254 1251 4303 controver-

161 4381 364 4485 sustversus
386 4354 442 4431 ille
469 4353 637 4421 succedit:
664 4350 735 4419 Sed
758 4352 813 4417 iric
838 4376 951 4442 uuus,
982 4369 1018 4418 ut
1052 4375 1117 4445 ego
1141 4354 1253 4446 suspiss
