2872 4942
162 379 235 461 348
402 414 431 454 v.
457 413 500 455 nn
524 411 630 455 acris
654 411 821 455 saturnin
848 412 1016 456 rauroae.

162 603 319 677 gumento
349 600 398 651 sat
431 585 609 676 ancipitem
645 586 875 678 quaestionem
902 609 1057 677 prorsus·
1074 582 1240 649 diremeri-

162 727 244 767 mus.
271 701 402 766 Etenim
428 699 520 793 quod
546 701 753 768 iocabundus
768 701 974 796 sycophanta
994 685 1040 766 ait
1052 699 1095 778 V,
1108 699 1142 777 2,
1161 697 1241 766 148:

418 893 422 898 ι
468 820 641 882 enimvero
665 841 743 882 sero
768 821 931 909 quoniam
956 816 1023 881 leuc
1047 812 1201 892 advenis,

247 890 447 1029 “stpatabte
460 929 631 996 arbitratu
650 956 724 998 meo
740 949 774 997 et
799 957 1003 997 novorum
1022 929 1245 996 aedilium:

162 1047 210 1113 eis
235 1048 346 1113 verbis
371 1048 428 1140 qui
453 1051 535 1112 novi
559 1045 717 1114 dicuntur
742 1046 889 1124 aediles,
921 1072 991 1112 non
1022 1063 1166 1138 possunt
1197 1043 1245 1109 alii

89 1159 94 1167 ⁴
160 1159 320 1253 intelligi,
357 1163 420 1226 nisi
460 1162 517 1253 qui
544 1186 661 1229 recens
684 1187 805 1228 munus
832 1163 1080 1254 capessiverint
1133 1160 1244 1228 Aditus

162 1295 272 1343 autem
299 1280 515 1371 magistratus
548 1277 628 1343 inde
659 1279 700 1343 ab
735 1305 763 1344 a.
788 1270 861 1348 487
903 1277 1056 1345 [dibus
1082 1277 1245 1344 Martiis

161 1410 299 1473 constat,
327 1394 448 1486 quibus
474 1419 502 1458 a.
526 1391 660 1458 demum
687 1392 760 1462 600
785 1393 962 1461 Kalendae
988 1395 1163 1460 Ianuariae
1180 1417 1245 1459 suo·

161 1527 345 1577 cesserunt:
370 1507 435 1575 vid.
462 1507 586 1575 Ideleri
613 1508 816 1602 Cbrouolog.
844 1511 886 1590 ll,
911 1536 945 1602 p.
976 1510 1046 1582 149
1074 1510 1153 1578 coll.
1173 1511 1259 1577 Nic

159 1624 262 1691 buhri
289 1626 370 1691 Hist.
393 1625 453 1705 ΙΙΙ,
478 1651 511 1716 p.
538 1622 621 1694 494.
673 1625 823 1709 Quodsi,
849 1627 970 1718 quibus
997 1625 1090 1692 festis
1117 1626 1174 1693 illa
1197 1648 1243 1691 ae-

164 1761 228 1810 tate
254 1741 386 1807 fabulae
413 1742 608 1807 commissae
635 1741 722 1824 sint,
752 1743 960 1834 quaerimus,
994 1742 1094 1808 trium
1123 1741 1242 1834 potissi-

161 1882 252 1922 mum
279 1859 449 1950 optionem
474 1854 584 1922 datam
611 1882 681 1923 esse
706 1861 910 1950 reperimus:
944 1857 1067 1923 factum
1095 1857 1185 1922 euim
1207 1853 1240 1921 il·

160 1971 220 2038 lud
259 1988 315 2037 aut
349 1973 502 2040 Romanis
537 1969 625 2038 ludis
662 1992 718 2039 aut
752 1971 884 2064 plebeis
910 1992 966 2039 aut
989 1971 1238 2065 Megalensibus,

162 2086 296 2181 quando
323 2086 576 2181 Apollinaribus
601 2086 694 2154 datas
720 2087 849 2154 subulas
875 2093 938 2155 nec
966 2090 1078 2155 Livius
1105 2108 1238 2181 unquam

163 2222 402 2271 commemorat
424 2229 487 2270 nec
513 2203 595 2270 alius
619 2206 794 2298 quisquam
813 2223 888 2272 ante
910 2224 1062 2297 tempora
1081 2203 1237 2297 aliquanto

161 2320 466 2413 posterioranovit:
494 2319 587 2412 quod
612 2346 718 2414 genus
740 2322 925 2388 accuratius
960 2346 1062 2412 supra
1100 2317 1236 2386 definiti·

161 2462 234 2503 mus
260 2463 293 2530 p.
317 2435 388 2508 286
413 2462 487 2528 sqq.
538 2436 589 2502 Ac
611 2408 916 2529 Romatiibquidem
937 2434 1009 2500 ludi
1036 2461 1112 2500 cum
1137 2454 1237 2499 meust

161 2554 358 2645 Septembri
383 2553 461 2647 sacti
484 2555 569 2629 sint,
611 2552 793 2619 Novembri
828 2569 939 2616 autem
973 2549 1105 2642 plebei,
1133 2550 1243 2615 borum'

163 2687 282 2734 neutro
308 2671 471 2734 mensium
497 2687 638 2761 apparet
659 2691 761 2734 noros
787 2666 854 2734 dici
875 2668 1082 2758 magistratus
1096 2667 1241 2758 potuisse

164 2787 205 2849 Et
230 2803 267 2850 ut
293 2785 390 2851 etiam
416 2783 629 2875 Apollinares
655 2783 689 2846 in
716 2781 927 2874 reliquorum.
948 2783 1146 2846 societatem
1170 2778 1243 2845 assi·

165 2926 304 2981 scamus,
329 2901 387 2993 qui
416 2926 458 2965 m.
486 2899 568 2966 Iulio
596 2900 736 2964 fiebant:
760 2924 804 2964 ne
823 2914 979 2989 quattuor
1001 2896 1140 2988 quidem
1161 2919 1246 2961 meu·

164 3017 248 3080 sium
275 3013 484 3080 intervallum
506 3040 573 3080 uon
601 3032 712 3106 potest
734 3013 872 3076 nimium
897 3011 1016 3078 videri.
1043 3012 1111 3077 Vni
1127 3024 1246 3077 restant

164 3131 459 3224 Megalenses,
493 3131 648 3222 proximo
674 3128 722 3194 illi
750 3145 827 3219 post
852 3127 1025 3225 consulum
1052 3128 1248 3192 creationem

165 3273 279 3314 ntense
305 3247 452 3339 Aprili
478 3247 562 3314 sacti.
602 3248 673 3328 Qua
698 3245 827 3310 ratione
852 3269 926 3309 cum
956 3244 1172 3334 necopinato,
1191 3264 1248 3332 per

166 3362 356 3428 cuius'iesti
383 3363 666 3454 opportunitatem
691 3360 906 3425 Trinummus
933 3377 1003 3422 acta
1029 3359 1082 3436 sit,
1110 3356 1249 3449 patefiat,

167 3497 234 3544 tum
262 3477 418 3570 singulari
445 3478 575 3559 fortuna
602 3478 698 3542 etiam
726 3473 830 3553 illud,
866 3498 965 3565 quem
991 3498 1115 3537 aunum
1145 3498 1184 3538 ea
1208 3469 1251 3535 sa-

164 3595 243 3660 bula
270 3594 434 3661 excedere
461 3618 528 3660 non
554 3593 712 3684 potuerit,
752 3590 922 3657 docemur.
969 3590 1125 3680 Namque
1161 3587 1250 3680 pr'i-

74 3696 87 3715 ·
164 3738 195 3776 m
207 3737 265 3777 um
288 3711 494 3805 scenicos
511 3709 622 3774 -suisse
634 3690 854 3800 'Megalenses
881 3733 908 3770 a.
931 3705 1014 3776 559
1042 3721 1175 3770 certum
1188 3718 1249 3768 est:

164 3825 228 3890 vid.
256 3851 355 3918 supra
382 3852 415 3916 p.
443 3820 514 3892 ‘294
542 3851 558 3889 a
584 3825 680 3888 nobis
709 3824 870 3913 exposita.
919 3820 1085 3912 Equibus
1104 3816 1250 3884 sineulla

166 3941 372 4022 dubitatione
397 3942 615 4032 consequitur
646 3964 725 4004 uon
756 3957 860 4004 aute
887 3963 914 4001 a.
938 3937 1025 4007 559
1051 3936 1247 4000 Trinum-

166 4084 270 4123 mum
297 4077 435 4123 actam
465 4081 570 4122 esse.

262 4175 372 4265 Atque
401 4176 447 4239 sic
474 4172 609 4237 demum
640 4196 657 4234 e
682 4170 928 4260 Campanorum
957 4165 1051 4234 clade
1077 4169 1182 4258 petita
1205 4189 1250 4229 ar-

164 4306 318 4377 gumenta
352 4288 532 4354 didicimus
567 4288 645 4352 hinc
684 4284 790 4349 aliena
819 4284 1047 4363 cssc'omuia3
1071 4308 1176 4347 nunc
1198 4279 1250 4344 de-

162 4429 250 4472 mum
281 4405 354 4470 iure
394 4403 506 4472 nostro
542 4427 697 4501 agemus,
735 4426 808 4465 cum
846 4425 908 4490 pro
934 4399 1026 4490 Syris
1053 4397 1183 4489 prolata
1205 4421 1248 4461 as·
