2872 4942
171 367 241 437 ³50
411 391 440 430 v.
467 389 508 431 ue
532 387 636 434 ierne
661 389 825 436 enisurus
851 391 1016 437 riurein.

172 565 298 641 inciam,
326 564 352 627 si
379 562 458 654 ipsis
485 563 590 630 oculis
617 588 825 657 proposuero
852 565 896 632 de
917 568 1039 659 quibus
1063 569 1240 661 cogitoso·-

170 680 269 745 sibus.
320 677 376 746 Sic
402 679 490 745 enim
517 679 624 745 statim
649 680 691 745 ab
718 680 811 747 initio
837 681 1097 774 Megaronides:

268 796 447 887 Nimioque
473 793 528 861 lu'c
550 794 658 884 pluris
681 800 883 887 pauciorum
908 803 1062 886 gratiam

261 906 415 993 Faciunt
438 932 522 998 pars
546 908 736 988 hominum,
768 935 870 1002 quam
894 935 961 1005 quo
984 921 1123 1004 prosint
1147 941 1247 1000 omm-¹

763 1025 824 1093 bus
849 1025 890 1111 *).

208 1136 211 1143 ¹
267 1142 327 1207 Ite
354 1143 494 1207 vincunt
517 1137 602 1205 illud
626 1139 837 1207 conducibile
858 1147 1055 1233 gratiae,

268 1257 365 1346 Quae
387 1260 424 1320 iu
451 1253 550 1321 rebus
575 1254 688 1322 multis
710 1254 850 1327 obstant
875 1257 1082 1351 odiosaeque
1104 1278 1192 1336 srmt,

263 1371 510 1460 Remorumque
526 1372 674 1455 faciunt
698 1375 751 1436 rei
771 1377 929 1464 privatae
961 1390 996 1438 et
1015 1373 1177 1464 publicae.

165 1487 273 1555 Multo
299 1504 409 1553 autem
437 1504 470 1552 et
495 1486 601 1566 nerins
626 1505 659 1552 ot
682 1478 831 1578 apertius
854 1487 1080 1582 philosophus
1104 1490 1160 1558 ille
1175 1492 1229 1558 sn-

166 1606 266 1670 simus
292 1603 351 1686 IV,
376 1600 410 1681 ll,
437 1604 485 1669 ‘25
512 1581 602 1693 sqip:
1005 1678 1013 1693 J

262 1719 353 1785 Nun
375 1742 467 1785 rruuc
492 1741 602 1782 mores
630 1716 729 1791 uituli
743 1720 913 1803 faciunt,
947 1722 1041 1816 quod
1061 1724 1160 1798 lieet,
1179 1722 1230 1786 m'si

752 1831 855 1925 quod
871 1835 972 1902 lubet.

261 1946 451 2035 Ambitio
475 1951 542 2012 iam
569 1971 663 2013 more
688 1965 859 2025 sanctast,
894 1936 1036 2023 liberast
1060 1978 1085 2019 α
1103 1938 1227 2046 degibus.

261 2063 369 2132 Scuta
399 2068 512 2131 iacere
536 2066 737 2153 fugereque
773 2064 900 2140 hostis,
933 2093 1027 2134 more
1059 2065 1228 2137 hebetud-

758 2185 924 2248 centium:

261 2290 320 2365 Pe
333 2312 431 2361 tere
455 2295 664 2361 honorem
682 2272 755 2395 Jirp⁸
769 2297 909 2386 flagitio
936 2321 1031 2364 more
1056 2298 1107 2377 fit.

262 2412 430 2482 Strenuos
456 2414 524 2476 iam
554 2398 765 2509 praetem*
776 2434 871 2475 more
890 2411 951 2503 stt.

162 2531 239 2599 Non
262 2546 311 2596 ost
328 2504 399 2595 mea
420 2526 585 2594 sententia
603 2506 865 2619 obscurumque
885 2529 968 2595 haee
982 2550 1150 2620 spectent:
1163 2516 1241 2597 'ami

84 2722 86 2726 ,
161 2651 273 2716 bitus
300 2646 398 2723 enim,
426 2644 486 2709 nisi
509 2639 617 2720 fallor,
638 2640 689 2707 his
702 2659 844 2720 notatur,
864 2668 942 2735 quo,
961 2647 1019 2736 qui
1036 2648 1171 2714 minime
1181 2669 1235 2712 ne-

162 2764 234 2840 riti,
272 2763 415 2828 honores
442 2774 475 2825 et
500 2774 656 2849 peterent
695 2775 727 2825 et
749 2757 1034 2849 adipiscerentur,
1069 2762 1168 2830 simul
1192 2787 1236 2827 au-

163 2898 231 2946 tem
271 2876 392 2943 debitis
430 2875 587 2966 praemiis
625 2874 751 2939 strenui
796 2893 830 2939 et
863 2875 965 2942 sortes
1004 2877 1235 2946 frustrarentur.

163 2993 310 3080 Quodsi,
348 2994 383 3058 in
423 3015 505 3082 quos
549 2989 760 3080 potissimum
800 3015 902 3057 annos
946 2992 1145 3081 insolentior
1182 3019 1236 3062 em·

162 3113 246 3178 hitio
271 3108 328 3176 illa
354 3105 460 3184 eadat,
488 3104 784 3195 circumspicimus,
810 3107 954 3196 primum
981 3107 1122 3200 quidem
1145 3108 1236 3177 omnir

166 3257 204 3296 ea
232 3222 382 3316 exempla
408 3236 541 3313 praesto
568 3239 653 3299 sunt,
687 3220 808 3311 quibus
835 3219 913 3286 olim
939 3222 1145 3291 Bacchidem
1169 3245 1234 3292 tem-

109 3402 115 3411 .
163 3371 248 3440 pora
288 3339 512 3431 indagavimus
553 3338 647 3425 Disp.
683 3334 725 3401 de
759 3335 875 3403 Bacch.
908 3337 987 3424 §'8.
1039 3339 1130 3422 Quid
1162 3340 1232 3407 enin

165 3472 286 3556 q'uaeso
313 3453 355 3522 ad
380 3451 530 3518 Plautina
556 3450 627 3515 illa:
653 3466 751 3515 scuta
775 3454 888 3516 iacere
903 3454 1104 3545 fugereque
1129 3456 1230 3524 hostio

163 3601 257 3646 more
287 3571 415 3638 hubent
444 3569 634 3634 licentiam:
664 3582 784 3659 petere
819 3567 984 3634 ltouorem
1009 3595 1075 3662 pro
1101 3570 1229 3664 flagitio

163 3718 256 3762 more
275 3690 332 3780 fit,
361 3686 501 3779 propius
526 3700 637 3775 potest
661 3681 837 3763 accedere,
877 3709 976 3775 quam
1001 3686 1095 3778 quod
1122 3714 1149 3754 a.
1174 3675 1228 3754 564

161 3817 188 3880 is
216 3827 265 3876 est
289 3801 492 3900 triumphum
528 3815 659 3877 nectus,
696 3822 794 3888 quem
824 3821 894 3863 nou
933 3797 1056 3864 bellum
1087 3807 1227 3870 inicum

161 3929 318 4018 gessisse,
343 3905 406 3984 sed
429 3916 559 3980 hostem
582 3917 731 3982 omniuo
745 3937 816 3978 non
842 3912 964 3980 vidisse
982 3918 1120 3984 inimici
1138 3924 1226 3985 iacta·

278 4116 294 4121 ,,
309 4118 317 4122 ..
336 4111 452 4120 ..mm—..-

213 4211 388 4301 *)'angatur
417 4222 482 4289 qued
507 4221 597 4288 presit.
634 4218 683 4269 Sed
709 4220 810 4288 prosint
828 4220 854 4269 in
875 4219 946 4270 libris
965 4229 1004 4270 est
1023 4221 1150 4286 omuibus,
1169 4220 1237 4272 etiem

266 4312 449 4371 Ambrosiam,
480 4310 505 4357 in
532 4322 583 4373 quo
615 4313 698 4355 utrum
726 4302 791 4372 qued
807 4305 838 4356 nd
857 4306 941 4372 ipsum
958 4307 1025 4373 quod
1047 4309 1177 4374 posuimus
1195 4306 1240 4374 q1¹⁰

260 4409 360 4460 exstet,
384 4412 435 4448 non
453 4396 514 4447 satis
532 4400 646 4460 apparet
