2776 4942
307 345 327 391 t.
347 348 393 391 ue
421 346 536 391 enarre
565 313 693 392 νοέω
718 350 912 395 nonrmavs.
988 402 991 413 ,
1099 332 1146 402 39

54 518 187 611 quoties
216 511 339 582 Plauti
364 490 681 596 commemorantur,
715 536 751 584 ut
772 521 812 587 L.
834 515 1043 612 Pomponius
1064 519 1148 591 Pto.

55 651 103 700 tos
133 628 233 722 apud
258 631 371 696 Velm.
405 631 437 709 Ι,
475 658 508 724 p.
536 635 598 723 22,
638 634 727 701 Lars
763 629 972 727 Pomponius
1002 638 1161 723 Plautus

56 746 133 816 ibid.
158 771 197 836 p.
228 746 308 812 150
339 746 680 853 1511511149
710 747 754 814 de
785 749 855 814 his
872 751 908 816 C.
936 752 977 821 Ο.
1004 752 1147 820 Muelle-

56 887 123 928 rum
165 858 393 951 disputantem
425 859 467 926 de
503 862 633 929 Etrusc.
669 836 703 941 1,
737 889 771 955 p.
796 861 879 934 4116.
905 864 975 934 435
1001 893 1076 935 auu.
1112 886 1146 935 et

60 973 121 1046 440
147 1000 201 1068 sq.

146 1090 199 1157 Eo
223 1088 379 1156 videmur
403 1077 478 1157 rem
496 1090 701 1174 adduxisse,
733 1110 771 1158 ut
802 1091 918 1161 ultimo
941 1095 1006 1160 iarn
1030 1094 1145 1186 persu-

62 1207 106 1296 gio
126 1204 268 1274 occluso
293 1203 474 1299 nulloque,
499 1208 562 1272 nisi
589 1208 681 1299 quod
708 1234 769 1275 nos
796 1208 936 1301 sugerit,
961 1207 1142 1277 tralaticiae

62 1323 219 1412 opinionis
246 1320 417 1412 praesidio
442 1320 562 1389 relicto
588 1323 718 1389 fortiter
745 1325 918 1391 exanimo
943 1324 1151 1412 inveteratus

62 1460 146 1502 error
170 1433 410 1527 exstirpandus
431 1437 474 1502 sit
497 1455 531 1503 et
552 1437 784 1530 gratulandum
811 1441 937 1531 optimo
959 1456 1076 1530 poetae
1097 1438 1139 1507 de

61 1550 136 1617 ren‘s
163 1551 376 1631 nominibus,
405 1552 528 1643 quibus
559 1552 684 1619 tamdiu
718 1555 853 1620 orbatus
888 1554 958 1633 suit,
993 1554 1140 1622 Ambro-

59 1665 132 1733 siani
155 1664 284 1734 codicis
308 1665 475 1736 beneficio
502 1669 721 1762 recuperatis.

467 1944 709 1962 m·-

349 2161 828 2229 EPIMETRVM.

73 2418 81 2429 ,
142 2360 234 2425 Bene
261 2357 385 2422 sactum
410 2355 504 2449 quod
529 2356 681 2424 modeste
704 2356 806 2424 malui
835 2382 936 2449 quarn
963 2357 1137 2425 confidem.

55 2488 100 2537 ter
119 2469 225 2564 loqui.
277 2471 363 2537 Nam
388 2471 540 2562 fugerant
564 2497 618 2538 me
643 2497 723 2538 sane
751 2470 915 2563 quaedam
941 2497 1006 2539 nec
1031 2498 1068 2536 ea
1085 2471 1135 2537 le.

53 2583 201 2653 videusia.
226 2587 277 2655 Ae
302 2587 449 2677 primum
474 2587 708 2653 Frontonis
734 2587 955 2652 testimonium
983 2603 1134 2676 praeter-

52 2700 175 2766 missum
203 2718 267 2776 eat,
293 2699 389 2767 valde
415 2699 500 2766 illud
524 2699 682 2779 lacerum,
707 2699 770 2767 sed
796 2701 898 2766 euius¹
914 2718 1026 2765 temen
1047 2701 1141 2771 haee.

53 2816 142 2880 rerba
163 2815 267 2907 plane
294 2832 328 2880 et
350 2817 530 2907 perspicue
556 2813 621 2905 legi
647 2816 818 2905 potuerint
843 2815 950 2905 Epist.
981 2812 1025 2879 de
1052 2827 1133 2880 orat.

53 2922 102 2995 ΠΙ.Ι
125 2953 158 3019 p.
191 2930 257 2997 131
285 2928 398 2994 Nieb.:
424 2973 433 2993 .
460 2976 468 2993 .
496 2977 503 2992 .
530 2978 539 2998 .
572 2928 636 3016 hoe
664 2951 775 3016 genus
808 2925 986 2991 verborum
1009 2925 1134 2993 Accius
1217 2958 1220 2964 ·

53 3040 186 3107 Planus
206 3065 313 3107 sarius
340 3092 350 3110 .
376 3091 384 3106 .
410 3088 449 3140 .5
483 3041 557 3111 Nec
584 3058 695 3107 tamen
717 3039 800 3104 haec
825 3042 997 3133 negotium
1022 3041 1133 3106 faces·
1170 3060 1173 3065 '

52 3156 129 3221 sint:
151 3178 232 3225 nam
256 3155 325 3223 sive
351 3181 369 3220 a
393 3153 533 3221 librario
569 3155 637 3220 sive
670 3180 689 3217 a
719 3153 809 3218 Medo
842 3151 996 3242 neglecta
1025 3169 1077 3218 est
1098 3178 1131 3217 m
1238 3206 1242 3213 .

52 3263 147 3339 littera
169 3286 250 3360 post
272 3268 458 3334 verborum
479 3293 596 3334 vocem
622 3269 748 3345 iterata,
773 3268 975 3332 aFrontone
993 3264 1131 3358 quidem
1191 3298 1193 3302 ³

10 3434 12 3457 .
53 3374 197 3450 Maccius
223 3368 385 3474 seriptum
412 3406 487 3451 esse
514 3381 699 3447 communis
728 3402 802 3446 cum
825 3378 967 3444 aliorum
992 3398 1072 3461 tum·
1088 3381 1129 3444 Ο.

54 3489 144 3560 Iahnii
165 3498 330 3565 sententie
363 3472 441 3573 iuis,
469 3495 528 3590 qui
556 3493 600 3561 de
627 3480 945 3563 Frontonisverbis
969 3493 1127 3569 breviter,

54 3621 79 3668 111
99 3608 132 3674 in
155 3585 343 3700 ratperta,
370 3609 454 3674 dixit
478 3608 587 3673 Musei
609 3606 727 3698 philol.
754 3605 819 3672 vol.
842 3608 892 3671 ΠΙ
918 3619 953 3697 p.
967 3606 1061 3707 156.

134 3722 279 3793 Gravius
304 3721 550 3794 Plinianum
576 3739 625 3809 ept
649 3719 752 3811 idque
780 3719 867 3785 adeo
888 3718 1010 3808 triplex
1035 3719 1128 3782 testi-

58 3833 203 3912 monium,
241 3835 334 3906 euius
374 3833 536 3905 indicium
565 3832 698 3924 Bergkii
734 3833 897 3898 amicitiae
920 3830 1042 3897 debeo.
1089 3829 1130 3894 ln

10 3983 11 4012 ;
59 3937 198 4015 trencin
231 3949 320 4017 enim
353 3962 531 4017 auctor-am
565 3945 715 4047 Natupali
747 3946 903 4016 historiae
936 3943 1129 4034 praemissis

10 4070 11 4097 1
59 4062 92 4119 tet·
110 4059 246 4136 Plinius,
273 4061 300 4126 si
327 4059 489 4125 editiones
512 4061 698 4151 sequimur,
729 4056 781 4129 M.
805 4054 945 4124 Acritan
966 4055 1129 4123 Plautum

61 4173 166 4251 posuit,
198 4173 286 4240 inter
312 4173 493 4264 scriptores
518 4172 579 4237 tib.
607 4174 698 4238 XIV.
723 4173 787 4239 XV
813 4190 845 4237 et
871 4172 970 4249 XIX,
1008 4195 1044 4261 p.
1072 4164 1130 4235 54.

60 4272 99 4347 56.
123 4283 167 4356 67
196 4285 268 4357 Sili.
301 4287 386 4359 «Vbi
413 4308 602 4378 quanquam
617 4311 644 4362 ¹e
671 4287 802 4376 seriptis
823 4284 918 4351 libris
935 4283 1019 4349 nihil
1045 4304 1127 4348 eno·
