2872 4942
168 379 240 453 594
480 407 521 449 ut.
552 398 616 450 'ns
645 405 933 451 aureaeoramoue

162 601 236 641 rum
273 576 314 643 Si
346 594 381 643 tu
406 581 574 643 ausimum:
618 604 703 670 quae
741 602 817 643 cum
850 575 1081 670 relinquenda
1119 579 1252 668 nuperis

164 691 349 769 editonflaus
377 695 530 759 natatibus
558 694 624 759 visa
651 695 716 774 sit,
755 694 942 784 permirum
975 711 1090 758 tamen
1121 710 1174 758 est
1200 717 1248 758 eos

163 825 273 902 spreta
299 809 480 875 Hermanui
503 811 692 875 inversione
720 809 771 876 Tu
797 813 948 875 antinum
969 812 1014 884 si,
1042 834 1149 901 quam
1166 832 1247 872 sum-

162 947 216 1004 ma
241 923 360 990 horum
392 952 545 992 versuum
581 927 786 993 concinnitas
820 922 1057 1005 commendat,
1096 921 1246 990 maluisse

162 1036 382 1149 inelegantius
410 1042 460 1106 Tu
486 1046 517 1107 si
542 1046 719 1117 ausimum,
753 1041 845 1136 quod
872 1040 1027 1134 prolecto
1054 1039 1100 1107 ad
1127 1063 1245 1105 memo-

160 1154 229 1219 riae
255 1153 358 1222 fidem
380 1182 448 1223 non
475 1159 616 1250 propius
642 1184 740 1242 quiam
769 1157 1055 1225 Hermanniauum
1080 1154 1170 1221 illud
1194 1179 1244 1220 ac-

64 1276 66 1281 ’
163 1268 264 1340 cedit.
316 1271 396 1339 Solo
417 1299 445 1342 v.
461 1273 508 1343 30
534 1276 576 1339 ab
603 1275 796 1340 Hermanno
823 1270 1052 1341 recedendum
1074 1272 1152 1364 ipse
1171 1295 1241 1338 cca·

128 1366 132 1371 Ι
163 1408 241 1468 seo;
266 1385 393 1453 facilius
421 1390 510 1455 enim
538 1415 555 1456 e
582 1388 757 1470 librorum,
785 1391 881 1457 etiam
907 1388 1141 1467 Ambrosiani,
1167 1389 1241 1454 scri-

162 1515 259 1592 ptura
287 1502 403 1569 Nimio
425 1509 550 1570 satiust
577 1523 614 1571 ut
640 1523 739 1598 opust
760 1523 795 1571 te
818 1510 870 1571 ita
893 1528 970 1570 esse
991 1504 1049 1591 (eo
1077 1505 1169 1570 enim
1192 1529 1241 1570 va-

162 1612 330 1682 lutetiam
356 1616 579 1687 Palatinorum
608 1625 718 1687 sotius
744 1625 795 1687 tui
819 1618 931 1713 opust)
964 1618 1052 1685 illud
1084 1619 1123 1684 fit
1156 1616 1241 1712 quod

162 1736 393 1823 reposuimus,
417 1761 514 1828 quam
541 1731 656 1803 Nimio
682 1740 834 1812 satiust,
871 1732 906 1802 te'
926 1739 989 1812 ita,
1016 1752 1056 1803 ut
1076 1759 1164 1829 opus
1187 1751 1246 1809 est,

162 1842 244 1913 risse.
282 1849 354 1919 Nec
380 1850 579 1919 oblitteratis
607 1852 670 1920 ted'
691 1871 724 1919 et
745 1851 824 1918 med
847 1852 962 1920 formis
988 1852 1172 1945 quicquam
1187 1852 1245 1918 fre·

164 1983 334 2056 quenttus.

262 2083 441 2174 Postquam
467 2081 511 2149 de
539 2082 676 2176 singulis
699 2084 848 2150 versibus
874 2082 1041 2164 diximus,
1078 2083 1243 2148 universo·

163 2218 238 2261 rum
261 2222 386 2264 summa
415 2198 639 2292 expendenda
667 2216 725 2264 cst.
788 2200 838 2265 Ac
869 2199 962 2292 quod
993 2198 1169 2265 verbosius
1201 2212 1242 2264 sat

164 2310 352 2404 simplicem
379 2318 576 2383 sententiam
601 2314 765 2383 Philtonis
801 2318 905 2382 oratio
937 2316 1177 2408 persequitur,
1212 2311 1243 2377 id

165 2427 314 2520 quidem,
341 2449 377 2497 ut
400 2432 436 2497 in
462 2456 550 2509 senc,
578 2457 644 2523 per
667 2456 703 2497 se
727 2429 809 2496 nihil
825 2430 1013 2500 offensionis
1029 2430 1154 2498 habet:
1179 2452 1242 2497 mu·

163 2543 209 2612 do
234 2564 324 2612 certa
356 2548 484 2614 ratione
514 2566 676 2640 rectoque
709 2545 828 2614 ordine
857 2545 986 2640 singula
1017 2571 1053 2613 se
1085 2548 1241 2614 enuntiata

165 2662 342 2755 excipiant.
380 2663 455 2729 Nec
480 2662 516 2728 id
541 2663 658 2755 negari
682 2682 794 2757 potest
822 2679 957 2729 eatenus
983 2662 1066 2753 fieri,
1096 2681 1132 2728 ut
1154 2661 1240 2756 quiu-

125 2777 127 2783 ’
166 2802 234 2869 que
278 2779 429 2844 versibus
473 2779 642 2870 prioribus
683 2777 848 2869 generalis
887 2777 1050 2845 sententia
1088 2775 1238 2870 quaedam

165 2911 394 2985 proponatur,
420 2920 508 2986 quae
535 2893 576 2959 ad
604 2892 810 2986 peculiarem
837 2893 990 2990 Lysitelis
1016 2893 1236 2960 condicionem

166 3032 218 3074 vv.
245 3007 301 3079 29·
328 3009 375 3077 30
401 3010 634 3076 transferatur:
663 3011 705 3074 ita
735 3009 824 3073 enim
853 3010 975 3076 mirum
1009 3033 1076 3075 nou
1103 3028 1151 3074 est
1173 3029 1238 3071 ean-

168 3121 245 3189 dem
266 3124 322 3193 hic
348 3127 590 3192 contrariorum
613 3125 862 3217 oppositionem
888 3123 1011 3190 iterari.
1044 3124 1170 3189 Verum
1190 3119 1237 3212 qui

167 3237 283 3307 ultimo
309 3238 385 3308 luco
413 3266 524 3305 versus
551 3238 695 3331 legitur,
733 3265 809 3305 eum
840 3239 921 3332 quid
953 3239 1015 3304 sibi
1051 3237 1137 3303 uelle
1162 3236 1236 3300 ‹lica-

166 3344 263 3422 mus?
313 3357 386 3438 Quo
413 3358 559 3448 primum
586 3356 627 3421 ab
654 3379 703 3434 en,
730 3354 773 3419 de
799 3379 866 3451 quo
893 3355 1115 3422 cummaxime
1138 3353 1234 3444 agitur,

170 3469 326 3566 exemplo
350 3472 458 3538 subito
486 3469 528 3536 ad
552 3472 660 3563 ipsum
688 3496 792 3564 genus
824 3470 968 3554 reditur3
993 3487 1168 3562 praeterea
1191 3490 1235 3530 au·

168 3605 235 3655 tem
262 3585 347 3652 nihil
372 3612 511 3681 prorsus
536 3585 680 3665 affertur,
708 3584 801 3677 quod
827 3610 894 3651 uon
919 3583 1039 3650 iisdem
1060 3582 1236 3651 notionibus

168 3728 246 3770 usus
273 3720 307 3769 et
330 3700 583 3796 propemodum
604 3701 713 3766 verbis
741 3724 877 3794 quoque
897 3697 1015 3765 iisdem
1039 3702 1107 3766 sive
1124 3703 1157 3764 iu
1174 3694 1235 3762 locu

168 3818 322 3884 universo
357 3815 584 3911 proponendo
618 3816 685 3883 sive
720 3814 755 3878 iu
781 3812 933 3907 exemplo
963 3811 1162 3906 explicando
1184 3812 1236 3874 iam

169 3951 266 4000 antea
293 3958 398 4000 senex
420 3931 651 4026 pronuntiarit.
702 3932 785 3996 Nam
811 3929 891 3997 illa:
930 3933 989 4021 qui
1009 3935 1159 3994 aninzum
1179 3928 1236 3991 vin·

170 4065 253 4114 curat
278 4073 378 4142 quam
404 4073 486 4146 quus
508 4052 642 4113 animus
676 4045 805 4112 iteratio
832 4064 908 4113 suut
932 4045 1074 4112 horum:
1093 4063 1144 4136 ⁸tu
1174 4042 1234 4106 aui-

172 4187 261 4228 mum
285 4168 317 4228 si
344 4169 454 4230 vicisti
481 4168 596 4255 potius
632 4187 734 4257 quam
768 4165 902 4226 animus
936 4177 990 4240 tc,·
1028 4159 1131 4228 multo
1156 4160 1236 4224 etiam

170 4276 358 4372 languidius
385 4280 483 4346 haec:
506 4303 639 4370 semper
660 4276 839 4370 probiores
866 4276 981 4342 cluent
1006 4277 1123 4343 iterata
1148 4298 1184 4340 ex
1205 4268 1236 4332 il·

174 4388 230 4455 lis:
257 4397 350 4467 olvit,
378 4397 484 4460 victor
511 4399 674 4460 victorum
701 4393 799 4458 clatet.
854 4393 896 4457 Et
921 4411 956 4457 ut
984 4391 1166 4461 concedam
1191 4408 1238 4480 po·
