2872 4942
231 367 302 436 578
550 393 592 432 rx.
644 392 686 434 na
714 390 1003 435 rnraurouartorta

331 559 393 633 Se't
417 566 491 628 siria
525 586 577 626 me
612 561 676 627 hoc
708 561 768 626 abs
801 579 836 627 te
863 555 1074 653 impetrare,
1107 559 1208 654 quo'd
1239 564 1311 629 volo.

707 697 794 748 (ΗΜ.
821 677 904 770 quid
928 677 966 743 id
990 671 1069 743 dat?
1112 701 1197 747 eat.
1219 684 1311 746 scies:

231 825 235 831 ⁴
329 787 369 860 Si
394 791 477 883 quid
500 791 603 858 stulte
616 788 729 879 fe'cit,
754 809 792 859 ut
816 818 858 859 ea
884 787 989 860 missa
1002 795 1134 880 facias
1156 790 1281 861 dmnio.

200 989 203 999 1
228 893 318 991 Quid
345 908 443 1007 enim.
459 905 544 985 illud
568 931 641 973 esse
668 907 835 988 dicamus,
858 905 1029 975 Callicle?
1040 908 1141 1001 quod
1160 935 1206 976 ne
1223 928 1311 1003 negat

227 1021 366 1117 quidem
392 1016 461 1088 ullo
475 1022 594 1101 verbo,
620 1047 677 1088 sua
696 1021 863 1089 voluntate
879 1021 984 1089 lilium
1002 1044 1208 1117 corruptum
1230 1027 1310 1092 esse?

225 1142 381 1230 Apparet
404 1138 494 1201 inter
518 1162 546 1202 v.
568 1128 715 1205 428ι43
739 1135 867 1229 aliquid
891 1137 1086 1205 huiusmodi
1113 1138 1307 1207 desiderari:

224 1253 296 1322 Sed
316 1251 399 1346 qnid
421 1275 488 1342 ogo
501 1253 689 1339 facerem?
715 1257 775 1345 qui
792 1275 869 1318 eum
885 1278 907 1318 a
928 1253 1073 1320 lascivia
1092 1255 1305 1347 prohiberem

222 1386 300 1460 post
326 1384 511 1458 argentum
533 1392 598 1460 pro
619 1367 781 1443 aedibus,
817 1393 902 1461 quos
936 1369 1076 1436 reiculos
1097 1376 1303 1464 proscripse-

200 1460 294 1561 rat,
317 1489 350 1550 ei
374 1484 564 1583 νεάᾷιέψιὲ
601 1503 633 1551 et
664 1510 752 1577 qnae
779 1486 917 1578 cogitari
944 1503 1085 1578 possunt
1116 1487 1172 1554 his
1198 1490 1302 1555 affinia

214 1603 297 1670 'Huc
325 1602 434 1683 enim,
469 1626 538 1667 non
573 1620 698 1667 tantum
720 1598 762 1666 ad
787 1602 918 1693 priores
944 1602 1130 1669 Lesbonici
1151 1605 1303 1697 nequitias

224 1714 403 1810 quaslibet,
428 1719 538 1808 ipsum
562 1713 648 1781 illud
669 1717 881 1808 perpessn's
905 1739 974 1784 non
1000 1735 1116 1809 potest
1136 1742 1212 1787 nnn
1234 1744 1302 1810 spe·

224 1851 312 1899 ctare
340 1831 425 1898 velle
449 1830 668 1899 Charmides:
697 1830 824 1924 alioqui
858 1833 934 1898 satis
968 1832 1087 1901 fuerat
1099 1835 1235 1924 possu's
1258 1832 1300 1898 di·

225 1973 315 2015 cere.
362 1980 411 1997 -
455 1948 558 2040 Atqui
591 1948 668 2014 liuic
701 1948 766 2040 ipsi
797 1934 974 2015 Charmidi
1001 1946 1088 2039 quid
1116 1947 1252 2015 tandem
1271 1949 1299 2011 in
1340 1978 1343 2013 r

219 2080 370 2127 mentem
396 2065 505 2139 venit,
532 2079 567 2127 ut
593 2063 656 2129 hoc
683 2061 824 2155 quidem
848 2060 926 2131 loco
952 2058 1131 2129 Calliclem
1158 2064 1300 2130 crimine·

222 2194 277 2243 tur
300 2177 458 2244 omnino?
497 2178 589 2243 euius
616 2177 854 2244 criminationis
879 2201 971 2244 nunc
994 2177 1154 2269 profecto
1181 2204 1224 2244 ne
1248 2177 1299 2242 mi·

219 2293 309 2381 nima
343 2316 455 2358 caussa
491 2293 627 2385 cogitari
660 2311 790 2385 potest,
829 2289 984 2384 quando,
1023 2283 1193 2385 quicquid
1224 2294 1299 2358 inter

223 2425 402 2499 utrumque
418 2406 552 2474 discidii
569 2409 816 2486 intercesserat,
839 2405 980 2500 pridem,
1000 2409 1237 2499 compositum·
1250 2422 1297 2472 est

219 2527 359 2611 Factrnp
384 2522 470 2588 illud
495 2543 592 2590 autea
618 2525 775 2616 oportuit,
802 2548 870 2615 quo
897 2542 1051 2614 tempore
1073 2523 1108 2588 in
1135 2522 1236 2590 aedes
1256 2524 1298 2588 in-

219 2640 324 2732 gressi
349 2664 449 2705 senes
476 2664 514 2704 ea
536 2655 741 2731 transegere,
767 2664 852 2731 quae
878 2639 935 2717 IV,
962 2633 1072 2723 4(5),
1098 2637 1121 2706 9
1151 2635 1296 2705 Callicles

219 2756 476 2871 signifipqperat:
517 2754 580 2819 sed
613 2753 764 2819 narrabo
804 2758 899 2818 intus
925 2750 989 2818 riht
1022 2768 1056 2817 ct
1082 2750 1150 2818 laoc
1173 2769 1209 2820 et
1230 2752 1296 2817 alia

220 2870 309 2955 Quid
337 2858 426 2936 enim
447 2870 581 2936 tandem
616 2869 790 2936 Charmidi
822 2893 974 2935 narrasse
1005 2867 1167 2936 Callicles
1201 2869 1297 2936 existi-

219 2988 374 3068 mabitur,
400 2988 427 3052 si
450 3012 492 3052 ne
518 2988 583 3052 hoc
611 2986 749 3078 quidem
774 2985 824 3050 illi
851 2985 1056 3061 constiterit,
1084 2983 1215 3050 nullam
1235 3008 1296 3053 cor-

220 3103 310 3194 rupti
337 3103 518 3168 Lesbonici
545 3100 676 3193 culpam
701 3104 736 3166 in
762 3127 798 3167 se
831 3099 1005 3167 Calliclem
1032 3099 1229 3167 admisisse?
1262 3101 1296 3163 Et

219 3242 340 3283 revera
368 3218 451 3282 haee
478 3219 588 3284 omnia
615 3234 777 3282 transacta
806 3242 896 3296 esse,
935 3241 1001 3282 nec
1035 3219 1219 3310 quiequam
1236 3214 1296 3308 pla-

222 3350 292 3399 cato
321 3331 494 3401 Charmidi
520 3333 717 3423 suspicionis
743 3357 939 3423 superesse,
969 3357 1043 3398 cum
1072 3357 1186 3425 eoque
1211 3356 1295 3425 pror-

221 3473 274 3512 sus
300 3449 335 3512 in
361 3451 497 3539 gratiam
526 3447 699 3514 Calliclem
723 3447 853 3514 redisse
878 3448 1088 3540 apertissimo
1116 3449 1293 3515 testimonio

222 3566 332 3655 ipsum
359 3563 488 3628 initium
517 3567 677 3631 scenaest
703 3565 840 3631 actnsV
865 3561 982 3630 docet:
1008 3565 1129 3654 Neque
1142 3568 1223 3652 soit
1246 3584 1294 3627 ne-

221 3703 285 3769 que
310 3682 377 3742 erit
405 3702 512 3770 neqrte
540 3704 613 3745 osse
638 3703 830 3773 quenquam
856 3680 1030 3744 hominum
1052 3684 1090 3744 in
1108 3695 1208 3744 terro
1227 3678 1292 3743 dum

221 3793 390 3873 arbitror,
429 3794 521 3884 Quoi
533 3794 631 3886 fides
655 3795 882 3888 fidelitasque
909 3798 1054 3860 anticum
1079 3794 1293 3886 ergo-oequi-

219 3926 317 3999 peret
343 3925 504 3974 tuom-
531 3913 619 4003 Ergo
646 3914 754 4005 igitur,
782 3931 817 3977 ut
842 3913 956 4004 paucis
985 3910 1202 4003 complectar,
1227 3907 1291 3975 iude

222 4050 240 4089 a
258 4051 288 4090 v.
300 4020 346 4092 40
360 4050 429 4090 non
457 4048 594 4092 oAtLt
607 4049 726 4093 CLEM
751 4026 803 4125 vvcl
830 4026 1009 4118 alloquitur
1027 4026 1228 4093 Charmides
1251 4017 1292 4087 vel

221 4142 299 4209 huic
318 4118 583 4234 respondentem
599 4164 698 4237 poeta
724 4144 812 4224 fecit,
840 4144 902 4210 sed
925 4167 1174 4212 armistrs
1198 4160 1291 4210 omnes

222 4259 296 4321 sunt
324 4283 398 4322 cum
425 4258 605 4326 Charmide
631 4285 814 4326 sermones.
853 4259 990 4351 Lysiteli
1018 4261 1109 4325 enim
1131 4260 1292 4351 postquam

223 4370 423 4462 desponsata
451 4372 517 4440 filia
545 4375 742 4442 Charmides
769 4376 966 4468 gratificatus
996 4393 1053 4460 est,
1082 4377 1215 4469 sibique
1230 4368 1291 4437 satit
