2872 4942
515 351 548 392 tt.
580 350 624 390 DE
650 347 777 392 IB'I'A'I'B
802 344 930 391 'MVR-

684 521 713 608 §-
739 521 771 588 a

279 669 457 736 Ciceronis
484 669 585 762 magis
611 692 709 761 quam
728 665 836 733 Plauti
855 688 968 732 caussa
985 659 1180 758 diligentius
1199 686 1263 730 enar

180 783 293 852 locum
327 784 627 877 pertractavimus,
664 806 732 875 quo
762 806 830 848 noa
863 806 961 874 aegre
987 804 1103 847 carere
1135 779 1173 845 in
1205 780 1265 872 ipsa

178 900 328 967 Plautina
362 899 554 991 quaestione
586 916 787 986 poteramus.
838 896 970 961 Etenim
1007 919 1075 988 quo
1117 912 1266 988 tanquam

176 1014 395 1082 fundamento
434 1038 566 1080 suarum
601 1012 861 1105 disputationum
892 1009 1042 1077 Tulliani
1067 1010 1264 1103 interpretes

176 1131 227 1194 usi
253 1148 329 1197 suut
354 1153 479 1209 omnes,
505 1146 543 1195 ut
567 1145 645 1194 natu
664 1127 828 1194 minorem
845 1152 946 1220 quam
958 1127 1106 1192 Enniam
1123 1141 1183 1192 aut
1199 1150 1263 1192 esse

176 1262 232 1311 aut
253 1270 352 1338 posse
375 1270 446 1311 esse
474 1243 625 1310 Plautum
649 1239 851 1322 crederent,
890 1243 918 1309 is
958 1243 1033 1334 ipse
1070 1242 1265 1308 inveteratas

176 1385 273 1427 error
298 1378 356 1442 est,
381 1358 464 1425 inde
491 1361 533 1426 ab
561 1361 692 1426 Donato
714 1373 845 1423 temere
866 1372 1082 1451 propagatus.
1130 1356 1191 1437 Vt,
1215 1356 1265 1422 ali

175 1471 220 1541 de
242 1475 344 1541 Ennii
370 1491 479 1540 aetate
502 1475 627 1565 agitur,
661 1470 762 1565 plane
789 1468 906 1537 eadem
933 1469 1088 1537 condicio
1115 1469 1160 1536 sit
1184 1468 1264 1537 Nee·

172 1589 289 1655 vianae
314 1607 347 1656 et
371 1588 543 1656 Plautinae
565 1612 719 1668 caussae,
755 1610 866 1679 eoque
903 1584 1192 1653 confidentiant
1216 1598 1264 1651 s'e·

170 1705 280 1772 verius
320 1704 355 1768 in
396 1724 526 1772 assutos
566 1702 723 1770 Ciceroni
760 1725 889 1794 pannos
935 1696 1195 1783 consulendum*
1219 1698 1262 1766 al.

174 1821 390 1909 Quanquam,
426 1837 462 1885 ut
487 1844 529 1883 ne
554 1819 621 1884 lroc
644 1815 781 1911 quidem
805 1817 1105 1910 praetermittatur,
1129 1816 1264 1883 nimiam

173 1950 225 1999 est
251 1933 345 2024 quod
381 1934 425 1999 ait
459 1934 603 2000 Kritzius
629 1934 720 1999 Diar.
753 1930 909 2002 scholast.
944 1956 972 1997 a.
1001 1930 1157 2025 183012.
1184 1932 1261 2013 89³,

173 2062 208 2113 et
241 2052 317 2138 qui
346 2072 538 2131 pronomen
573 2046 789 2114 incommodo
821 2046 898 2115 Ibco
920 2049 1072 2140 positum
1109 2070 1189 2114 esse
1212 2056 1262 2117 “et

168 2184 291 2253 parum
316 2168 500 2230 convenire
526 2179 713 2255 temporum
750 2167 942 2230 radonem.-
985 2174 1131 2254 quorum
1167 2150 1262 2232 alter·

166 2292 279 2343 utrum
303 2297 428 2347 tantum
451 2304 570 2348 verum
594 2298 645 2347 est
670 2276 713 2363 *).

269 2394 485 2462 Tralaticiam
519 2414 630 2462 autem
664 2396 762 2461 istam
794 2391 839 2462 de
873 2392 1024 2463 Plautina
1055 2412 1164 2464 aetate
1190 2396 1262 2499 opi*

167 2507 303 2575 nlonem
338 2512 467 2602 primus
505 2511 655 2576 omnium
687 2507 781 2601 quod
815 2509 956 2577 sciamus
990 2510 1128 2579 adortus
1154 2528 1207 2580 est
1226 2512 1260 2581 F.

167 2624 490 2695 Windischmunnus
526 2628 613 2691 Mus·
640 2624 761 2716 philol.
796 2625 903 2691 Rhen.
930 2652 959 2690 a.
987 2626 1081 2695 1833
1115 2653 1151 2719 p.
1175 2628 1259 2697 m

168 2765 217 2830 sq.
268 2742 301 2804 Is
329 2741 419 2805 enim
443 2741 553 2806 Enni0
580 2739 810 2833 aliquanto
845 2740 879 2804 h.
906 2765 933 2806 e.
968 2755 1046 2806 octo
1073 2740 1260 2809 veldeeem

167 2855 273 2916 αιιηίε
293 2854 456 2918 maiorem
482 2852 584 2919 fuisse
610 2852 766 2921 Plautum
790 2853 978 2948 intelligere
1011 2856 1076 2920 sibi
1101 2856 1193 2925 visua
1211 2848 1260 2925 est

169 2990 210 3032 ex
235 2966 340 3058 ipsius
355 2968 530 3034 Ciceronis
555 2966 668 3036 verbis
694 2970 788 3035 Bruti
814 2995 841 3037 c.
858 2969 982 3048 XVIII,
1007 2970 1028 3057 5
1053 2968 1111 3039 73.
1139 2974 1259 3065 Neque

165 3082 232 3149 hoe
270 3080 328 3148 ille
365 3081 552 3149 immerito:
587 3108 783 3177 ,quanquam
811 3108 880 3151 non
914 3102 980 3150 tam
1021 3078 1184 3177 expedita
1211 3092 1259 3151 e'st

166 3194 356 3289 Tullianae
372 3198 665 3290 argumentau'onis
691 3200 948 3291 interpretatio,
983 3217 1020 3265 ut
1050 3223 1121 3266 non
1142 3198 1258 3293 paullo

163 3308 356 3403 diligentius
383 3310 591 3407 explananda
616 3310 778 3384 videatur.
829 3315 969 3381 Dixerat
1001 3332 1110 3381 autem
1134 3316 1256 3383 cicero

49 3453 53 3460 ’
163 3426 250 3513 §72
275 3428 408 3523 Lr'vium
428 3432 575 3520 primum
589 3427 755 3514 fabulam
779 3426 934 3496 decesisse
962 3430 999 3499 C.
1020 3426 1259 3497 Clodio⁵Caeei

156 3536 237 3632 filio
264 3557 300 3607 et
322 3538 374 3612 M.
400 3542 575 3610 Tuditano
602 3544 811 3630 consulibus,
845 3569 941 3611 aneto
976 3551 1048 3637 ipso
1073 3552 1257 3636 antequam

163 3671 268 3723 natus
291 3638 382 3723 esset
404 3658 549 3725 Ennius.
600 3661 794 3727 Transierat
833 3658 958 3726 deinde
986 3659 1029 3726 ad
1054 3660 1137 3726 Attii
1166 3638 1257 3726 erro·

160 3766 244 3852 rem',
272 3771 315 3839 de
339 3775 431 3840 cuius
458 3777 622 3842 sententia
645 3774 789 3842 fabulam
803 3776 915 3842 Livius
931 3774 1158 3844 docuissetss.
1174 3768 1257 3844 Ctll'tb
1296 3762 1299 3766 ’

144 3882 318 3972 ‘nelio¹Q.
344 3891 496 3958 Minucio
520 3914 604 3958 coss.
629 3890 663 3956 h.
690 3916 721 3957 e.
748 3917 775 3957 a.
802 3878 894 3960 556·¹
934 3893 1051 3985 Pergit
1077 3891 1255 3985 deinceps:

196 4153 245 4218 ⁴)
260 4152 336 4204 Hune
355 4170 458 4222 quoque
478 4155 669 4245 loeum‘lerius
688 4157 853 4226 Visseringus
872 4161 991 4213 tractavit
1009 4176 1035 4227 p.
1056 4159 1098 4223 to,
1126 4160 1258 4213 nonsatis

267 4247 354 4289 antem
381 4239 545 4292 considerate
574 4240 761 4295 lllnssmannus
781 4261 808 4313 p.
831 4247 881 4310 12,
909 4247 1007 4314 quippe
1034 4247 1062 4299 in
1080 4246 1259 4299 dissimillima

262 4324 391 4392 exemplu
415 4329 459 4396 qai
483 4329 643 4397 pronomiaIs
659 4344 712 4384 nou
730 4325 849 4401 proximo
866 4334 965 4386 nomini
980 4333 1062 4387 relati
1078 4335 1260 4404 quicmens.
