2872 4942
474 377 648 419 svaromvs
676 374 718 414 nn
744 375 808 414 vta.
837 374 981 416 marsna.
1198 345 1269 415 635

160 596 166 603 .
184 534 238 602 noa
256 543 388 596 haberent.
432 538 550 590 Ceteram
563 537 632 590 dubii
649 552 699 588 nee
717 537 799 603 magis
817 551 892 604 qnam
910 538 990 588 ceteri
1009 536 1042 588 de
1059 546 1166 586 numere
1182 548 1269 586 earnm

141 662 147 689 r
184 636 249 688 certi
268 633 318 680 iarn
338 626 440 679 tandem
459 626 492 676 ad
512 627 654 677 Terentiam
673 624 827 691 gradiemur.
855 638 888 675 ex
905 625 1061 691 Carthagine
1073 623 1123 675 init
1142 622 1194 686 hie,
1206 621 1271 672 urbe
1283 611 1367 712 §31:¹²

184 720 290 771 Alrieae
315 713 518 780 opulentissima.
554 712 625 763 lianc
645 710 730 774 Elisa,
746 716 817 777 'qaae
836 711 941 762 nomine
958 710 1010 761 alio
1028 710 1093 761 Dide
1109 717 1201 760 vocata
1220 715 1268 772 est,
1284 729 1316 769 pr

185 804 305 872 primaria
324 810 350 852 et
364 800 528 867 pudicissima
545 799 655 864 femina,
681 814 715 849 ex
739 798 805 865 'lyra
826 799 936 865 profuga
956 798 1070 848 condidit
1087 805 1146 848 ante
1166 796 1272 847 Romam

188 889 316 941 conditam
328 887 395 947 dnos,
407 897 433 937 et
451 887 613 953 septuaginta
630 900 719 937 annes.
757 885 859 936 Homeri
878 884 937 936 loco
955 884 1028 934 Brisa
1038 887 1070 952 ¹⁰)
1088 883 1206 949 primum,
1223 895 1276 948 po-

162 1008 168 1017 ·
188 987 244 1030 stea
264 975 391 1041 Carthago
411 975 476 1036 fuit,
497 973 566 1041 qnod
584 975 717 1039 impetrato
738 972 808 1047 prbis
826 970 978 1023 condendae
994 968 1066 1034 sole,
1083 976 1205 1036 quantum
1224 967 1275 1018 bo-

188 1067 229 1116 vis
258 1065 354 1114 corium
379 1069 499 1128 caperet,
526 1060 592 1111 Dido
621 1061 760 1126 prudenter
786 1061 857 1111 corio
876 1060 902 1109 in
920 1058 1083 1118 tenuissimas
1102 1062 1188 1122 partes
1203 1062 1276 1107 secto

190 1152 271 1204 maius
290 1165 365 1218 quam
384 1149 506 1199 creditum
526 1156 595 1199 esset
614 1146 699 1199 locum
719 1148 857 1214 occuparit.
885 1146 998 1214 denique
1015 1143 1197 1195 florentissima
1215 1140 1276 1191 urbs

190 1257 248 1290 cunr
275 1237 359 1288 studio
385 1236 496 1302 augendi
525 1237 625 1302 imperii
652 1235 727 1286 modo
758 1235 889 1297 Sardinam
913 1234 1041 1301 proximas
1067 1230 1157 1283 ltaliae
1178 1226 1276 1280 insulas

190 1329 341 1393 perimeret,
372 1339 388 1374 a
415 1324 536 1374 Romanis
565 1330 651 1373 tamen
677 1306 746 1374 vieta
773 1322 849 1374 bellis
866 1304 947 1373 tribas
968 1328 1016 1371 est.
1048 1321 1134 1386 priora
1152 1317 1203 1368 duo
1221 1331 1275 1367 non

148 1430 151 1437 ·
194 1416 250 1464 sine
280 1412 390 1462 maxima
412 1411 545 1477 utriusque
570 1410 658 1476 populi
688 1409 762 1460 clade
780 1426 827 1476 par
854 1410 953 1472 linivit,
980 1404 1050 1458 bello
1076 1408 1151 1456 tertio
1183 1412 1276 1472 capta,

192 1517 283 1551 eversa
303 1507 381 1566 atque
400 1498 457 1549 selo
476 1499 577 1564 penitas
597 1505 707 1565 aequata
726 1505 773 1549 eat.
808 1498 941 1548 Terentius
950 1500 982 1567 ¹¹)
1000 1503 1085 1546 autem
1104 1508 1168 1560 puer
1187 1500 1279 1559 captas
1358 1524 1363 1537 ,

192 1584 263 1636 bello
290 1594 315 1636 et
333 1586 438 1636 Romam
454 1574 682 1636 ductus'rerdimr
699 1585 755 1635 iure
771 1584 833 1634 helli
853 1599 943 1636 servus
961 1583 1080 1634 Terentio
1099 1581 1201 1632 hueano
1219 1580 1280 1629 cui·

188 1674 249 1734 ¹dam
278 1673 374 1723 homini
399 1672 522 1738 locupleti
552 1679 578 1722 et
606 1671 716 1723 liberali.
761 1671 786 1723 la
804 1688 911 1738 puerum
930 1671 997 1722 clara
1017 1660 1102 1720 fronte
1119 1668 1280 1734 egregiaque

191 1759 279 1809 indole
296 1760 417 1824 optimum
436 1758 531 1808 hahere
550 1760 681 1824 ingenium
701 1761 878 1823 coniectatns,
904 1766 982 1825 atque
1001 1758 1088 1823 proin,
1114 1756 1136 1806 si
1154 1754 1277 1805 honarum

192 1863 276 1896 rerum
294 1845 511 1908 studio-daretur,
529 1845 641 1895 laturum
661 1845 790 1896 hominem
807 1847 891 1912 ipsum
909 1845 1003 1895 bonum
1023 1850 1049 1894 et
1072 1842 1214 1908 sapientem
1234 1853 1278 1890 ra-

194 1939 250 1992 tus,
273 1929 363 1980 litteris
392 1929 557 2001 erudiendum
581 1930 659 1995 dedit,
695 1931 873 1998 eruditumque
889 1932 1010 1981 iuvenem
1028 1928 1059 1979 a'c
1077 1928 1167 1978 studiis
1185 1934 1279 1992 poeta-

193 2033 248 2067 rum
273 2017 384 2067 deditum
409 2019 513 2067 nomine
542 2032 590 2066 suo
618 2017 724 2068 donavit
740 2033 771 2068 ae
796 2016 922 2069 libertate.
949 2017 1033 2067 laetas
1050 2017 1137 2083 itaque
1157 2016 1221 2065 iuris
1238 2013 1279 2066 sni
1322 2012 1324 2016 ’

193 2105 300 2170 patrium
319 2119 412 2155 nomen
432 2106 533 2169 posuit,
560 2106 586 2155 e't
604 2113 724 2172 tanquam
751 2105 817 2155 hene
837 2104 869 2155 de
890 2105 993 2156 domino
1010 2088 1113 2157 meritus
1130 2103 1234 2153 honoris
1253 2109 1280 2153 et

193 2190 317 2242 libertatis
336 2191 445 2242 donatae
464 2207 539 2243 eausa
558 2191 690 2255 Terentius
708 2186 815 2245 vocatus
834 2201 882 2245 est.
907 2194 1062 2245 comoediae
1080 2192 1154 2243 aheo
1168 2191 1279 2257 scriptae

194 2279 321 2330 habentur
345 2294 400 2329 sex.
444 2280 609 2333 Menandrum
633 2280 786 2331 Graecorum
813 2289 947 2347 poetarum
972 2283 1023 2332 isto
1041 2282 1067 2331 in
1087 2294 1184 2347 genere
1202 2276 1280 2328 facile

195 2367 336 2433 principem
361 2368 472 2417 imitatur
501 2369 527 2417 in
552 2376 674 2434 quatuor:
703 2370 730 2418 in
752 2367 875 2435 reliquis,
903 2384 971 2435 quae
995 2368 1061 2418 duae
1087 2375 1163 2431 sunt,
1187 2355 1281 2417 Eehira

195 2462 221 2503 et
246 2453 375 2527 Formio„
390 2454 581 2520 Apollodorum.
620 2457 731 2535 emnium
756 2463 841 2507 tamen
868 2456 964 2523 ubique
995 2455 1091 2507 Andria
1122 2456 1204 2521 prima
1231 2460 1280 2505 est.

194 2541 266 2591 llane
292 2514 397 2607 legente
421 2543 478 2608 ipso
496 2543 603 2593 maxima
621 2558 677 2592 enm
696 2540 863 2593 admiratione
880 2542 979 2595 audivit
995 2540 1160 2608 laudaritque
1188 2540 1282 2592 Caeci-

196 2627 245 2678 lius
271 2636 359 2693 poeta‚
389 2629 431 2695 qui
456 2630 505 2679 isto
528 2630 678 2694 praesertim
701 2630 736 2678 ·in
764 2645 861 2703 genere
880 2638 906 2680 et
923 2628 1059 2679 haberetur
1076 2629 1238 2680 doctissimus
1257 2636 1284 2679 et

196 2724 296 2767 ceteros
322 2717 437 2766 anteiret.
466 2715 569 2767 Enueus
594 2725 679 2767 autem
703 2715 807 2767 vendita
833 2725 873 2767 est
896 2718 924 2768 in
951 2725 1010 2767 oeto
1033 2714 1146 2767 millibus
1169 2732 1284 2766 numum·

196 2802 257 2869 lpse
275 2819 353 2866 vero,
371 2811 400 2852 nt
417 2802 502 2853 solent
521 2805 569 2853 iuri
591 2803 676 2853 alieno
694 2805 719 2853 in
739 2805 844 2855 civitate
871 2804 947 2854 locati
966 2813 992 2855 et
1009 2806 1103 2855 virtute
1121 2802 1207 2870 aliqua
1227 2804 1286 2853 exi-

196 2891 246 2939 mia
265 2890 363 2952 ornati,
388 2888 523 2939 lacessitus
540 2889 708 2940 invidentium
728 2889 871 2943 maledictis
886 2890 999 2941 Athenas
1018 2892 1043 2941 in
1062 2890 1193 2942 Graeciam
1212 2888 1284 2953 abiit,

197 2976 281 3027 studio
305 2993 361 3027 cnm
391 2975 537 3026 declinandi
557 2977 602 3027 otii
623 2985 675 3029 tum
693 2977 783 3028 Graeci
804 2980 901 3046 ingenii
923 2978 1108 3045 perscrutandi.
1144 2976 1205 3028 Erat
1223 2975 1284 3027 orbs

197 3063 243 3115 illa
261 3046 382 3116 Graeciae
406 3071 467 3114 tuno
494 3079 526 3114 ex
552 3066 655 3130 generis
673 3073 803 3133 vetustate
824 3065 984 3117 nobilissima
1006 3074 1032 3116 ct
1049 3065 1181 3132 trophaeis
1198 3062 1287 3116 multis

198 3153 356 3215 clarissima,
388 3161 519 3220 poetarum
540 3168 602 3203 vero
625 3161 651 3203 ct
676 3152 779 3205 laudata
797 3157 909 3204 omnium
927 3155 1018 3205 artium
1041 3169 1134 3220 parens
1162 3162 1189 3206 et
1211 3154 1288 3207 sedes

198 3241 364 3305 amplissima.
411 3241 472 3292 Vrbi
497 3241 556 3292 hnic
578 3250 712 3311 praeterea
741 3242 823 3308 gloria
848 3242 892 3293 rel
919 3232 1041 3297 tanulosa'
1062 3241 1107 3293 vel
1134 3252 1204 3295 certa
1231 3244 1288 3319 luit,

199 3325 323 3390 populum
340 3345 414 3379 sunm
431 3345 483 3381 non
503 3337 532 3380 nt
549 3338 652 3397 gentem
671 3338 782 3381 ceteram
800 3330 955 3381 advenarum
977 3329 1142 3395 colluvione,
1162 3330 1208 3383 sed
1220 3322 1288 3396 ⁸pro-

200 3414 257 3479 pria
281 3414 382 3478 origine
405 3415 491 3487 locam
510 3420 592 3484 ipsum
611 3419 733 3469 tenuisse.
765 3416 825 3469 loco
845 3433 938 3469 nomen
959 3418 1030 3469 athis
1050 3418 1128 3470 dedit.
1165 3418 1227 3469 lade
1244 3432 1290 3470 re-

200 3501 243 3567 gio
265 3499 356 3549 Athiea
376 3500 451 3553 dicta.
473 3504 539 3554 Vrbs
560 3507 610 3556 iam
629 3502 735 3579 eondita'
753 3514 840 3556 erata
862 3504 980 3573 Cecrope
997 3506 1070 3557 Athis
1090 3521 1148 3556 ave.
1166 3506 1290 3572 qniistne

199 3589 332 3655 proiectus
353 3595 422 3637 esset
442 3602 475 3637 ex
493 3593 626 3655 provincia
644 3588 739 3661 egipcii
767 3593 883 3645 discessu
903 3595 1000 3658 moysis
1020 3594 1090 3645 ehrei
1109 3592 1198 3660 populi
1217 3592 1291 3644 dume
1331 3642 1335 3653 ,

200 3685 329 3743 parentur.
373 3675 463 3725 Postea
489 3693 552 3728 vero
579 3680 794 3751 amphitcionides
821 3682 915 3730 tercius
945 3696 959 3729 a
982 3680 1099 3746 Cecrope
1117 3680 1171 3730 Rex
1202 3680 1290 3731 urbem

202 3764 316 3814 hlinnrve
345 3764 455 3812 sacravit
482 3763 655 3831 Athenasque·
675 3769 789 3817 vocavit.
837 3766 887 3819 Sed
908 3769 1033 3833 ipsaque
1053 3768 1140 3834 grecie
1160 3767 1245 3818 lumen
1265 3777 1292 3819 et

204 3851 399 3918 pulchritudinis
411 3858 480 3901 tante
500 3852 547 3901 luit
560 3852 628 3918 quod
643 3853 676 3903 de
694 3855 774 3925 ipsius
792 3855 959 3920 possessione
977 3855 1043 3905 inter
1063 3854 1125 3906 deos
1137 3854 1216 3906 luisse
1231 3870 1291 3905 cer-

202 3947 286 3990 tamen
314 3939 439 4005 proditum
461 3941 500 3989 sit.
549 3940 629 3990 Bellis
656 3936 771 3990 adversis
789 3940 870 3990 lraeta
899 3949 925 3991 et
949 3941 1040 3992 studiis
1059 3932 1162 4008 optimis
1180 3942 1291 4009 spoliata

203 4028 315 4080 Sithines
333 4029 358 4077 in
377 4028 508 4093 provincia
528 4029 656 4077 nominata
677 4035 723 4079 est.
761 4028 894 4078 Terentius
911 4037 995 4083 autem
1015 4039 1042 4080 ut
1061 4030 1116 4103 dixi·
1131 4030 1290 4082 maledicen-

526 4154 531 4161 ι

211 4171 543 4183 *Q———u-—cu——u—

259 4272 302 4339 10)
321 4274 395 4324 Diess
413 4272 464 4322 und
486 4273 549 4323 allos
566 4274 697 4342 Folgende
715 4274 783 4325 lasso
801 4274 843 4324 ich
859 4274 1011 4325 absichtlich
1031 4291 1096 4341 ganz
1109 4276 1289 4327 unt'eritndert.

263 4358 304 4426 ll)
327 4360 428 4412 Tercins
452 4360 521 4434 sod..
698 4342 712 4371 ⁷¹
