2872 4942
597 387 817 445 ascensoriis.
1066 384 1069 396 ‘
1182 367 1252 438 405

160 564 258 631 Nihil
293 565 359 631 lroc
396 562 544 655 scrupuli
571 565 686 630 iniecit
709 566 804 630 Parci
831 563 1021 633 credulitati
1046 566 1080 630 in
1106 566 1254 636 editione

160 680 224 760 ΙΙΙ,
261 706 361 774 quam
393 676 543 745 collectis
570 682 773 745 imitationis
798 674 984 746 Plautinae
1011 679 1174 772 exemplis
1201 681 1255 748 di-

160 797 263 879 tavit·
297 795 477 863 ficticium
492 792 607 861 dicere
633 795 798 860 Niebuh³
825 820 933 861 snon
959 793 1131 866 dubitavit
1180 801 1254 866 Nec
1319 819 1321 824 '

162 913 353 1008 praeterire
379 936 570 1004 quenquam
596 928 716 1003 potest,
743 910 764 976 fi
823 937 854 975 m
875 911 1023 978 Graecae
1039 908 1169 978 subulae
1192 937 1255 980 no-

162 1055 244 1109 men
271 1052 342 1095 esse
367 1029 409 1093 ab
435 1051 486 1107 eo,
510 1028 568 1119 qui
593 1026 731 1097 latinum
755 1026 944 1096 Bacchides
969 1045 1101 1094 vciwtere
1128 1028 1256 1110 volens,

165 1169 239 1210 non
274 1142 415 1223 valens,
440 1140 483 1209 de
509 1144 650 1274 Bacchi·
661 1145 793 1210 nomine
818 1145 921 1209 Euan
947 1146 1122 1238 cogitaret:
1163 1146 1256 1211 cuius

166 1377 330 1456 tissimum
357 1376 390 1441 in
418 1372 555 1441 modum
580 1375 704 1440 mentio
731 1373 974 1466 frequentatur.
1002 1375 1121 1459 Quod
1145 1396 1257 1444 autem

163 1493 260 1575 cuius
288 1490 409 1557 Graeci
435 1508 557 1581 poetae
583 1490 774 1582 exemplum
802 1492 1003 1581 expresserit
1023 1491 1168 1573 Plautus,
1195 1495 1257 1561 etsi

161 1631 235 1674 non
261 1623 313 1672 est
337 1606 525 1702 testimonio
551 1604 739 1697 proditum,
778 1623 888 1671 tumen
917 1605 1007 1672 hand
1041 1608 1258 1699 improbabili
1319 1593 1321 1599 s

165 1740 203 1791 ut
239 1723 382 1816 arbitror
416 1723 608 1791 coniectura
643 1722 779 1814 assequi
812 1719 906 1788 licet.
960 1720 1121 1789 Reddidit
1158 1727 1257 1807 enim,

165 1839 232 1903 nisi
260 1835 373 1916 fallor,
398 1835 620 1904 Menandri
644 1828 723 1913 Δὶς
746 1827 1059 1917 ἐξαπατῶντα.
1087 1842 1169 1907 Nam
1186 1842 1258 1934 pri-

167 1979 263 2020 mum
288 1955 358 2044 ipsu
382 1952 555 2044 inscriptio
581 1952 616 2017 in
642 1951 826 2018 Bacchides
855 1952 996 2043 quadrat
1021 1972 1057 2018 nt
1081 1980 1166 2047 quae
1189 1983 1259 2020 ma-

166 2073 277 2154 xime3
305 2070 433 2160 quippe
462 2070 568 2135 omnis
595 2069 778 2160 argumenti
802 2068 949 2134 inventio
969 2087 1001 2134 et
1019 2073 1168 2137 tractatio
1183 2072 1258 2138 lun-

169 2184 327 2251 damento
359 2187 475 2249 nititur
509 2183 592 2262 hoc,
625 2182 715 2275 quod
750 2184 792 2248 ab
825 2208 890 2249 uno
921 2183 1132 2256 callidissimo
1160 2211 1257 2253 servo

172 2297 337 2393 Chrysalo
371 2323 436 2366 uno
475 2298 668 2391 eodemque
705 2297 759 2364 die
794 2297 1018 2390 eademque
1009 2325 1042 2365 ιιι
1070 2326 1181 2366 caussa
1206 2302 1259 2368 bis

172 2415 343 2507 decipitur
376 2414 558 2493 Nicobulus
594 2441 709 2483 senex
768 2413 910 2498 Quod
902 2439 935 2478 ιιι
957 2415 1028 2505 ipsa
1053 2416 1165 2482 sabula
1189 2436 1260 2484 tum

158 2516 356 2621 dlicohulus
381 2530 504 2599 fatetur
526 2549 594 2597 tum
621 2528 803 2621 Chrysalus
833 2529 992 2622 gloriatur
1017 2547 1084 2595 tum
1110 2534 1182 2598 seni
1202 2557 1260 2597 ex

172 2650 311 2739 probrat
333 2647 560 2715 cavillabunda
587 2673 652 2715 una
676 2645 890 2714 Bacchidum.
917 2647 973 2715 Sic
1001 2649 1156 2728 enimv,
1186 2655 1216 2728 1,
1234 2646 1258 2719 4

173 2788 299 2833 senex:

270 2873 389 2949 Perii:
411 2878 537 2972 pudet:
553 2879 685 2945 lrocinc
710 2901 763 2943 mc
787 2873 913 2942 ae'tatis
936 2872 1033 2942 ludria
1053 2875 1259 2966 bisfactum

460 2970 496 3021 ³
492 2992 522 3059 ,Ι
763 3017 835 3059 csse
858 2987 1012 3084 indigne.
1038 2991 1073 3079 *)

168 3070 311 3179 Bacchis
338 3129 446 3176 autem
471 3112 513 3189 V,
540 3112 572 3189 2,
600 3108 640 3179 9:

268 3224 339 3291 Pol
360 3220 460 3290 addis
489 3225 601 3292 altera
621 3218 742 3288 lzae'c'
728 3247 796 3288 tam
822 3221 872 3288 bis
897 3215 1045 3288 ditotna
1065 3216 1161 3290 certo
1187 3238 1259 3289 ert:

162 3337 264 3403 uhi
254 3340 454 3406 mseruiruus
488 3341 607 3407 ltaec
597 3366 632 3405 ιιι
661 3339 756 3405 lihris
783 3340 949 3405 omissum.
976 3312 1178 3431 Denique
1159 3361 1180 3405 o
1207 3330 1262 3416 δὶς

162 3445 395 3534 ἐξαπατῶν
386 3478 459 3547 ipse
483 3457 541 3537 lV,
567 3455 602 3537 9,
626 3453 699 3522 4.

272 3567 346 3638 Sed
364 3564 539 3638 Priamus·
554 3571 608 3636 liic
641 3569 745 3636 multo
772 3561 823 3634 illi
844 3583 1022 3659 ριἐαειιαι
1062 3562 1133 3633 utin
1163 3570 1262 3658 quin-

767 3681 939 3776 quaginta
964 3682 1078 3758 moda,

278 3755 537 3892 Quadrigc'ntos
564 3796 657 3891 filios
689 3799 812 3874 lrabet,
842 3814 944 3890 atquc
970 3791 1169 3893 equidem'
1149 3799 1260 3861 omnis

765 3915 871 3979 lectos
897 3937 972 3977 stite
996 3911 1201 4004 probro·

274 4034 354 4125 Eos¹
376 4026 440 4123 e'go
473 4029 574 4098 laodic
608 4034 718 4096 omnis
753 4024 986 4094 cdntrancabo
1018 4021 1264 4123 dudbtts'solis

774 4135 903 4209 ictibus.
987 4151 994 4168 ³

178 4297 477 4325 κῃ...-

234 4395 259 4464 a)
283 4391 323 4446 De
341 4392 391 4445 hoc
410 4407 489 4447 versu
505 4391 566 4462 vida
582 4380 742 4460 llpirnctrun
785 4459 788 4463 Δ
