2872 4942
601 411 822 458 naccntotnrs.
1180 387 1251 460 415

162 578 310 660 fondere
332 581 374 647 ab
401 580 540 649 aliorum
568 581 827 648 dubitationibus
844 585 988 651 animum
1003 583 1143 653 induxit.
1170 587 1254 654 Nam

164 695 262 789 quod
300 697 370 764 eius
405 697 530 765 codicis
560 697 711 779 Plautini,
747 725 848 792 quem
873 698 1003 767 saeculo
1030 703 1094 768 XV
1121 726 1140 769 e
1166 703 1254 769 Ger-

163 815 276 880 mania
309 812 474 906 perlatum
508 815 543 879 in
578 814 703 880 Italiam
735 840 835 908 supra
863 814 939 896 dixi,
966 818 1195 911 apographum
1220 819 1256 884 in

163 930 339 998 Marciana
371 929 590 998 bibliotheca·
607 929 802 999 Florentino
835 951 1007 1025 repertum
1034 935 1081 1000 sic
1103 933 1257 1002 doctissi-

162 1070 239 1123 mus
270 1048 469 1113 Laurentius
502 1047 676 1114 Mebusius
712 1047 872 1114 describit
898 1047 1003 1115 Praef.
1028 1046 1257 1119 in'Amhrosii

164 1163 376 1237 Treuersarii
401 1164 505 1255 Epist.
534 1180 567 1230 et
593 1163 745 1256 Otatp
771 1163 894 1245 XLIII,
930 1181 966 1230 ut
989 1163 1168 1232 duodecim
1192 1190 1257 1258 po-

165 1278 348 1345 steriorum
382 1279 525 1370 primam
559 1277 703 1344 sabulum
745 1303 816 1346 esse
848 1279 1051 1411 αοαρήαηη
1081 1279 1258 1348 dicauit

164 1417 248 1461 sane
272 1394 383 1461 Restio
406 1393 455 1486 (p.
485 1391 570 1479 ttt)
592 1392 689 1460 facile
716 1394 881 1463 credimus
914 1419 1039 1487 posse
1074 1382 1121 1461 ad
1138 1395 1258 1478 solum,

163 1502 261 1604 quod
279 1507 501 1590 desideretur,
526 1510 768 1602 Argumentum
796 1527 969 1603 spectare:
995 1536 1064 1579 uon
1089 1535 1187 1604 posse
1214 1510 1257 1578 ad

163 1626 272 1719 ipsius
307 1625 438 1691 initium
472 1623 621 1706 fabulae,
652 1649 721 1692 non
751 1625 977 1696 concedimus.
1028 1627 1146 1694 Arne
1172 1625 1259 1694 illud

165 1739 306 1834 quidem
330 1742 375 1807 ita
402 1741 588 1832 disputavit,
614 1759 743 1809 utnon
769 1743 811 1808 sit
836 1741 945 1835 aliqua
973 1767 1014 1808 ex
1034 1761 1260 1836 partenotan·

166 1855 245 1924 dus.
298 1859 381 1925 Nam
420 1855 513 1949 quod
540 1882 617 1923 suae
640 1858 869 1922 necessitatem
893 1859 1179 1950 interpretationis
1206 1884 1258 1924 ar-

166 1975 225 2066 gui
253 1996 292 2040 eo
321 1971 412 2053 duit,
439 1971 531 2065 quod
560 1991 790 2066 argumentum
815 1971 952 2038 Graecis
977 1971 1180 2066 κεφάλαιον
1206 1972 1258 2041 di-

168 2107 278 2157 cutur:
304 2113 380 2170 nec,
405 2087 471 2154 hoc
488 2089 617 2154 Graece
643 2086 827 2153 dicendum
850 2082 1026 2165 ὑπόθεσις
1050 2089 1164 2171 luisse,
1182 2114 1259 2170 nec,

165 2231 185 2273 a
212 2230 280 2297 qua
314 2205 418 2296 stirpe
451 2199 637 2298 ἀκέφαλος
676 2202 835 2283 ducatur,
870 2205 1029 2295 cogitavit.
1081 2207 1260 2272 Praeterea

153 2321 339 2409 ¹.veterrimi
363 2319 451 2393 illius
478 2319 615 2400 codicis,
642 2344 742 2412 equo
760 2317 973 2413 singularum·
987 2319 1173 2386 fabularum
1195 2321 1259 2386 ini-

168 2437 213 2504 tia
240 2436 414 2503 Mebusius
441 2438 626 2528 excerpsit,
661 2435 836 2501 librarium
868 2436 912 2500 ait
935 2426 1111 2502 variandae
1138 2436 1261 2504 oratio'·

165 2555 220 2621 nis
246 2554 349 2645 gratia
374 2551 475 2620 modo
503 2567 742 2643 argenteorum
768 2550 868 2637 modo
886 2551 1052 2643 prologus
1077 2551 1178 2619 modo
1205 2557 1262 2619 in-

166 2675 252 2766 cipit
266 2671 428 2760 feliciter
451 2667 621 2735 vocabulis
649 2693 744 2733 usum
772 2691 856 2734 esse.
908 2667 981 2734 Hoc
1008 2667 1067 2733 etsi
1085 2668 1126 2733 ab
1146 2684 1259 2735 nostra

165 2812 282 2857 caussa
318 2785 464 2852 alienum
497 2808 631 2876 possum
664 2785 801 2850 missum
836 2782 968 2862 facere,
1001 2786 1261 2852 tamen'vcrum

168 2899 310 2996 quidem
347 2925 416 2968 non
447 2917 514 2985 est,
555 2902 590 2964 in
625 2923 688 2966 una
721 2899 810 2966 enim
835 2897 1002 2966 Pseudolo
1039 2919 1183 2968 erratum
1203 2921 1264 2970 cst

166 3016 355 3112 plurimis
346 3041 381 3081 tn
405 3015 533 3082 libris
524 3041 559 3081 ιη
585 3014 675 3082 hunc
701 3013 852 3097 modum,
878 3033 914 3082 ut
938 3016 1262 3082 turbatisMcrcato-

165 3132 212 3201 ris
248 3151 281 3200 et
315 3129 474 3198 Pseudoli
513 3129 662 3197 confiniis
694 3128 743 3195 illi
773 3128 904 3195 fabulae
933 3132 1167 3229 οοῃῑίῃεηωτ
1191 3129 1260 3198 duo

165 3245 302 3341 prologi
327 3271 453 3328 versus,
479 3247 538 3338 qui
564 3264 614 3313 est
638 3244 808 3327 Pseudoli,
840 3246 915 3313 huic
941 3264 1050 3312 autem
1076 3245 1259 3339 praemissa

165 3359 341 3455 Prologus
366 3363 611 3454 inscriptione,
639 3387 724 3454 quae
747 3359 827 3430 illuc
853 3362 1054 3454 pertinebat,
1082 3387 1260 3457 argumen-

166 3496 238 3547 tum
263 3479 506 3571 perscribatur.
558 3479 714 3570 Denique
737 3502 802 3546 nec
822 3476 907 3543 illud
933 3479 999 3544 vim
1024 3478 1126 3546 habet
1147 3478 1258 3560 ullam,

167 3592 263 3686 quod
288 3620 328 3660 ex
357 3593 508 3660 eiusdem
533 3593 678 3658 Mehusii
700 3595 764 3661 vita
786 3594 956 3660 Ambrosii
982 3620 1016 3687 p.
1032 3594 1104 3664 388
1130 3593 1259 3665 Rostius

164 3734 204 3802 p.
230 3709 313 3778 VIII
341 3708 442 3796 (tlt)
470 3707 577 3776 attulit
601 3707 684 3774 alius
708 3707 845 3789 codicis,
873 3733 939 3802 quo
955 3709 1121 3802 Excerpta
1142 3694 1260 3776 tenen'-
1342 3694 1345 3704 .

165 3843 220 3893 tur
248 3825 472 3916 complurium
498 3825 711 3916 scriptorum,
734 3825 817 3890 haec
844 3826 961 3890 verba:
987 3825 1166 3917 Incipiunt
1185 3825 1259 3891 No-

165 3939 290 4009 rabilia
314 3938 357 4006 do
381 3939 563 4006 concordiis
587 3935 707 4006 Plauti
732 3942 867 4005 noviter
891 3944 1053 4030 repertis,
1070 3963 1156 4033 qnae
1178 3957 1259 4008 sunt

164 4056 265 4136 XII,
307 4072 342 4121 et
372 4060 483 4147 primo
514 4054 557 4120 de
589 4033 771 4134 Bacchide,
808 4059 870 4144 otti¹
898 4053 1015 4144 deficit
1042 4059 1259 4148 principium.

165 4169 365 4271 Quodsnon
391 4173 500 4238 minus
527 4189 575 4238 est
601 4171 754 4264 ambigue
781 4169 923 4250 dictum,
959 4197 1059 4262 quam
1083 4196 1157 4239 cum
1184 4184 1260 4239 ace·

150 4286 270 4382 'phala
309 4285 420 4357 fabula
455 4306 610 4367 vocatur,
648 4285 726 4366 sed,
759 4283 1034 4379 quandoquidem
1073 4288 1108 4353 in
1141 4289 1260 4381 anqui-

162 4402 285 4472 rendis
307 4386 508 4501 sudantis
533 4403 641 4472 adhuc
668 4402 926 4496 disputationem
953 4404 1191 4486 continuimus,
1217 4429 1259 4473 ne
