2872 4942
200 341 272 381 xxtv
644 334 834 382 rulnr'r'rlo.

197 514 239 577 Et
264 509 435 604 praeclare
452 511 486 573 iu
504 513 630 578 votivos
654 514 815 593 convenit,
841 507 933 613 quod
945 511 1059 593 Iovis
1072 511 1280 602 potissimum

197 609 353 702 placandi
378 635 488 673 caussa
515 610 682 677 instaurati
705 636 777 677 cssc
802 609 851 675 illi
877 609 947 674 ludi
972 630 1156 703 narrantur.
1196 612 1282 689 Nam

198 736 271 774 cum
306 734 385 774 sane
418 710 554 774 Romani
588 709 660 775 ludi
695 713 818 776 etiam
851 708 894 773 ad
927 710 1040 775 Iovem
1075 711 1279 801 pertincant,

198 812 307 873 taincn
333 806 374 872 ad
401 833 474 872 curn
501 808 630 874 solum
655 811 754 874 votivi
781 825 944 899 spectant:
970 828 1006 874 nt
1034 833 1101 872 non
1126 806 1280 872 videatur

198 906 320 999 nullius
344 909 501 971 momenti
527 932 609 986 esse,
637 905 740 1003 quod,
767 933 867 999 quem
891 910 995 1019 ceteri
1014 909 1123 973 lovem
1149 904 1280 997 simpli-

199 1007 294 1085 citer,
319 1001 386 1071 τὸν
409 1004 660 1077 Kana-cottam
679 998 755 1073 Ata
770 1007 947 1097 Dionysius
961 1031 988 1072 c.
1003 1009 1051 1077 68
1065 1005 1155 1083 dicit,
1177 1022 1278 1096 atque

200 1104 285 1170 adeo
317 1103 405 1169 ludis
435 1106 639 1172 circensibus
662 1112 722 1201 qui
745 1107 823 1171 Iovi
847 1109 995 1169 nrnxtmo
1009 1104 1144 1195 sterent
1169 1104 1281 1169 Arno-

197 1205 272 1268 liios
298 1229 369 1268 rena
389 1192 549 1281 accidisse
576 1207 692 1273 scribit
716 1203 787 1271 adv.
813 1221 899 1296 gent.
925 1206 999 1291 Vll,
1033 1203 1083 1283 36
1103 1204 1162 1267 Or.
1191 1198 1281 1287 (39.)

199 1304 350 1384 Quocum
388 1304 600 1391 coniunctum
637 1323 696 1384 est,
733 1302 825 1395 ‚quod
867 1301 911 1368 (le
953 1302 1042 1377 lrrrlis
1077 1301 1302 1393 Capitolinis-

199 1401 300 1466 scmcl
334 1428 351 1465 a
382 1400 478 1477 Livio
509 1408 700 1471 memoratis
733 1399 859 1468 conieci
889 1430 920 1491 Ρ
937 1416 1008 1477 290.
1054 1403 1138 1467 llnic
1168 1394 1302 1465 autcnil'

198 1499 267 1565 Iovi
285 1498 474 1591 Capitolino
498 1502 581 1593 quid
608 1504 738 1569 tanslem
765 1503 929 1567 societatis
956 1501 1182 1567 intercessisse
1205 1524 1281 1564 cum

201 1599 288 1664 ludis
321 1599 448 1691 plebeis
476 1607 631 1692 circoque
652 1604 823 1668 Flaminio
855 1599 1012 1678 dicamus,
1050 1623 1134 1690 quos
1163 1598 1282 1662 bacin

201 1716 313 1767 caussa
339 1697 429 1764 solus
455 1699 610 1766 Valerius
637 1702 753 1768 affert?
783 1700 883 1765 Cuius
911 1699 1040 1789 planius
1067 1699 1164 1771 etiarn
1189 1720 1286 1762 error

105 1815 107 1819 ’
201 1798 339 1888 patebit,
369 1797 504 1863 simulac
532 1810 678 1865 caussam
701 1798 832 1865 errandi
860 1799 1081 1889 probabiliter
1106 1795 1285 1884 indagave-

201 1899 316 1960 rimus.
344 1896 602 1964 Recorrlanrlnm
628 1918 676 1966 est
702 1919 820 1977 autern,
847 1902 887 1980 Q.
913 1896 1062 1987 Sulpicio
1088 1895 1147 1986 Sp.
1170 1896 1285 1959 Lartio

128 2031 130 2034 ⁴
205 1997 285 2060 Coss
308 1997 501 2062 instauratos
537 1998 611 2063 illos
637 1996 735 2065 ludos
759 1998 869 2062 testari
893 1997 1088 2086 Dionysium
1107 1996 1138 2058 li.
1154 2020 1181 2058 c.
1199 2018 1288 2060 anno

203 2095 243 2158 V.
261 2093 297 2160 C.
311 2096 398 2177 963:
432 2123 448 2160 a
484 2122 551 2188 quo
578 2099 715 2164 fortasse
743 2123 784 2160 ne
805 2097 914 2162 Livius
942 2095 1079 2186 quidem
1107 2093 1286 2182 discrepat,

203 2194 260 2282 qui
288 2196 348 2258 etsi
373 2219 444 2259 rem
468 2213 580 2260 narrat
603 2199 664 2262 sub
692 2194 881 2262 consulibus
898 2194 1080 2284 superioris
1094 2193 1169 2257 anni
1183 2189 1288 2276 (969)

204 2295 251 2359 M.
267 2292 414 2365 Minucio
439 2295 478 2358 A.
493 2295 703 2389 Sempronio,
731 2314 839 2360 tamen
862 2292 985 2357 nullam
1013 2292 1076 2357 hoc
1103 2293 1165 2355 virn
1183 2291 1286 2355 lralret

205 2410 399 2482 propterea,
434 2393 524 2484 qood
558 2393 616 2460 illc
645 2395 753 2461 nullos
782 2395 917 2460 omnino
944 2390 1097 2458 consules
1120 2414 1182 2455 nec
1206 2387 1285 2451 anni

209 2489 280 2558 ‘263
307 2516 369 2556 nec
394 2491 477 2558 adeo
504 2492 575 2562 264
603 2513 848 2568 conmemorat,
875 2491 935 2557 sed
962 2491 1109 2556 Minucio
1126 2489 1285 2578 Sempro·

208 2591 331 2680 niaque
358 2589 400 2674 (c.
421 2588 481 2671 34)
510 2596 678 2661 continuat
704 2596 779 2660 anni
796 2592 866 2660 ‘265
894 2587 1300 2679 consulesSp.Nautiuru1

212 2688 286 2752 Sex.
312 2688 447 2753 Furium
477 2690 519 2774 (c.
540 2690 614 2776 39):
644 2712 679 2757 ut
704 2717 769 2758 non
797 2691 962 2756 immerito
989 2688 1030 2753 ad
1050 2686 1191 2778 Sulpicii
1211 2687 1292 2749 Lar-

214 2787 318 2876 tiiquc
344 2812 464 2851 annum
494 2791 601 2880 ipsum
632 2793 758 2857 initium
788 2791 902 2882 capitis
927 2791 972 2859 37
992 2785 1207 2877 (Ludiquam
1220 2808 1293 2846 om-

211 2885 356 2976 plr'srimi
375 2903 410 2949 ut
427 2885 563 2976 fierent
579 2908 718 2954 serratus
733 2889 890 2955 decrevit.
916 2887 975 2953 Ad
991 2911 1048 2950 eos
1058 2885 1155 2950 ludos
1169 2910 1195 2948 e.
1208 2909 1239 2974 q.
1251 2881 1294 2964 s.)

214 2980 384 3077 Sigonius,
410 2988 616 3065 Perizonius,
632 2990 786 3080 Pighius,
810 2989 864 3054 alii
889 2985 1085 3051 rettulerint.
1120 2984 1188 3047 Iarn
1214 3004 1296 3047 vero

216 3085 478 3175 proximo'ante
512 3084 582 3154 ‘263
617 3113 702 3153 anno
737 3088 819 3152 sacta
849 3105 898 3153 est
923 3085 1067 3151 secessio
1091 3082 1147 3148 illa
1175 3080 1297 3170 plebis,

217 3186 308 3247 cuius
341 3207 415 3248 curn
444 3186 589 3275 patriciis
621 3187 854 3252 reconciliatae
882 3211 994 3252 caussa
1021 3181 1093 3246 ludi
1113 3181 1225 3272 plebei
1246 3180 1298 3243 iu·
1331 3239 1336 3246 .

120 3350 126 3359 ,
216 3283 335 3346 stituti:
363 3307 461 3373 quam
484 3310 566 3362 rem,
594 3289 761 3376 personati
776 3287 908 3351 Asconii
924 3284 1113 3349 testimonio
1130 3279 1298 3372 proditam

179 3378 300 3487 ι(νὶἆι
327 3412 356 3471 p.
372 3397 434 3453 306
458 3381 532 3474 sq.),
559 3387 643 3451 miro
670 3386 800 3459 silentio
822 3386 931 3450 Livius
960 3401 992 3448 et
1005 3381 1182 3474 Dionysius
1199 3386 1299 3469 prae-

218 3482 444 3546 termiserunt.
494 3485 559 3549 Eos
588 3486 687 3576 igitur
711 3484 820 3564 ludos,
845 3486 962 3574 exiguo
990 3498 1025 3546 ut
1049 3495 1190 3571 apparet
1214 3496 1300 3542 teru-

219 3612 340 3621 u———a-
370 3613 463 3622 4--ψ--ιω

323 3676 417 3713 nomen
436 3659 502 3727 apud
514 3657 652 3710 Asconium
665 3658 743 3724 H„p.
759 3659 793 3710 69
808 3658 850 3711 Or.
871 3656 999 3708 excidisse
1008 3655 1150 3705 rectissime
1161 3648 1306 3716 Madvigius

323 3751 407 3819 vidit),
426 3749 468 3816 qui
490 3740 635 3798 scifatorum
654 3760 667 3794 a
687 3744 776 3813 populi
793 3750 917 3796 consessu
936 3743 1106 3793 secretionem
1124 3737 1308 3807 uonRornanis

321 3845 381 3903 (nec
401 3833 604 3902 Megalensibus)
623 3831 690 3882 ludis
707 3830 837 3894 aedilium,
862 3830 907 3881 scd
928 3827 994 3879 ludis
1012 3829 1105 3878 votivis
1124 3843 1137 3875 a
1158 3821 1308 3874 consulibus

320 3926 409 3975 eodem
428 3908 578 3993 annoffiw)
597 3921 670 3971 iactis
689 3919 790 3969 tribuit:
812 3918 844 3968 de
862 3933 912 3984 qua
930 3931 957 3967 re
972 3915 1059 3980 paullo
1072 3922 1130 3964 ante
1142 3910 1310 3962 monebamus

321 4030 346 4079 p.
360 4013 449 4064 xxiii.
461 4009 616 4071 Consimilis,
635 4009 684 4058 risi
697 4006 781 4066 fallor,
793 4005 858 4056 alter
871 4018 942 4056 error
953 4003 1000 4053 suit
1011 4005 1081 4065 Attii,
1097 4017 1155 4052 cum
1164 4000 1308 4049 votivorum

326 4101 444 4163 ¹lariorum
470 4116 484 4149 a
508 4098 580 4149 Livio
598 4094 742 4148 Salinatore
767 4095 892 4145 sactorum
912 4092 1034 4142 memoria
1053 4091 1160 4157 primam
1180 4087 1309 4145 actionem

323 4189 457 4239 scenicam
476 4185 542 4237 Livii
558 4183 697 4235 Andronici
722 4182 852 4244 sociantis,
874 4195 939 4247 qnae
952 4179 983 4229 ad
998 4179 1126 4230 Romanos
1144 4176 1228 4242 potius
1249 4187 1313 4238 pcr-

330 4274 418 4327 tinuit:
440 4273 466 4325 id
483 4272 551 4342 qnod
569 4271 698 4338 tegitimus
716 4270 812 4336 MSS.
823 4271 875 4322 299
895 4275 989 4320 annott
1009 4268 1071 4320 318.
1085 4265 1138 4318 628
1152 4269 1237 4315 annot.

1282 1104 1299 1135 ἱ
