2872 4942
176 347 248 419 54st
499 375 541 421 tx.
591 374 633 419 nr
661 374 952 423 turuurottrtotta

173 549 277 616 Vetus
301 543 406 616 codex
433 573 507 614 cum
536 545 683 614 editione
710 548 817 639 princ.
844 564 1035 628 servarunt,
1062 544 1151 616 haud
1174 571 1245 618 cun-

174 682 302 728 ctanter
328 688 398 728 eam
426 664 523 729 ctiam
549 663 664 729 uicinis
689 663 840 731 versibus
862 662 1118 730 restituendam.
1157 667 1243 732 Pseu-

173 777 246 843 doli
268 797 403 871 quoque
429 779 454 857 Ι,
474 784 504 858 1,
524 778 568 848 91
597 777 765 865 defundes
788 779 892 844 Vetus
918 781 1072 871 praebet,
1098 780 1240 874 idemque

173 893 375 960 Bacchidum
401 919 497 960 versu
525 919 566 960 ex
592 919 659 960 uno
684 912 775 960 certe
793 895 947 960 Lambini
967 895 1088 963 codice
1116 896 1239 963 affertur.

173 1007 217 1074 Vt
240 1033 309 1076 non
334 1009 402 1077 ullo
430 1009 531 1077 modo
559 1008 780 1076 dubitandum
805 1011 866 1090 sit,
898 1012 981 1104 quin
1007 1030 1104 1079 recte
1128 1040 1163 1079 ea
1185 1014 1240 1080 lor·

170 1150 225 1193 ma
252 1127 349 1191 etiam
375 1127 447 1191 sine
472 1124 566 1191 libris
588 1144 767 1192 revocetur
787 1123 899 1196 Aulul.
924 1152 954 1194 v.
982 1152 1022 1206 c,
1048 1130 1141 1194 Asin
1167 1129 1238 1208 lli,

170 1244 218 1316 99
247 1261 280 1309 et
304 1241 388 1308 Rud.
414 1241 455 1322 V,
481 1245 514 1321 3,
541 1242 598 1310 31:
625 1241 681 1310 60.

270 1357 435 1423 llluncine
466 1358 567 1449 igitur
589 1359 777 1423 Trinummi
800 1379 930 1424 versum
959 1354 1079 1424 eredas
1102 1357 1237 1451 cuiquam

176 1473 358 1566 displicere
390 1473 561 1566 potuisse?
618 1473 783 1538 Nimirum
814 1495 884 1539 non
909 1489 960 1539 est
984 1491 1237 1549 consentaneum,
1271 1551 1273 1555 Ι

171 1608 277 1656 semet
301 1591 410 1681 ipsum
435 1587 562 1654 fraudis
588 1614 781 1681 quenquam
805 1591 969 1656 incusare.
989 1589 1131 1655 Atvero
1146 1587 1237 1681 plum·
1271 1588 1273 1599 '

168 1707 251 1771 bens
277 1707 319 1772 sit
344 1722 486 1797 oportet,
514 1705 573 1796 qui
597 1706 771 1796 propriam
793 1704 857 1770 vim
883 1723 917 1771 et
937 1723 1145 1772 venustatem
1158 1704 1236 1770 huius
1271 1690 1273 1723 ¹

167 1823 382 1889 incusationis
407 1845 475 1887 non
498 1823 724 1913 persentiscat.
775 1823 916 1887 Dixerat
940 1821 1150 1886 Lesbonicus
1175 1819 1236 1893 ud,
1271 1860 1273 1865 .

167 1934 238 2002 istis
263 1938 377 2016 rebus,
403 1961 485 2027 quas
512 1964 542 2003 v.
567 1938 589 2002 5
612 1957 687 2028 sqq.
715 1936 873 2003 Stasimus
901 1934 1147 2014 cumulaverat,
1181 1957 1235 1999 non

166 2052 243 2146 plus
268 2077 328 2118 sex
353 2055 450 2118 minis
478 2069 713 2145 consumptum
740 2076 823 2118 esse.
849 2049 1064 2118 ¹Addcndum
1093 2076 1163 2117 esse
1179 2072 1235 2114 mo·

165 2185 224 2235 net
248 2191 379 2246 servus,
419 2166 512 2260 quod
540 2184 647 2233 scorta
681 2163 887 2258 acceperint.
949 2164 987 2230 ld
1016 2165 1075 2231 illa
1107 2163 1232 2256 pecunia

165 2284 231 2347 iam
258 2282 541 2375 comprehensum
569 2307 640 2347 esse
665 2306 741 2346 erus
762 2278 1057 2373 respondetlam
1083 2279 1232 2352 Stasimus

166 2400 220 2464 eui
246 2398 329 2464 baec
356 2399 462 2465 omnis
489 2399 691 2488 computatio
726 2421 795 2463 non
816 2413 930 2488 potest
954 2420 1025 2463 non
1046 2395 1230 2488 permolesta

163 2539 247 2595 esse,
273 2515 314 2579 ab
342 2539 381 2581 eo
407 2516 570 2580 sermonis
596 2530 790 2605 argumento
815 2511 1070 2579 adulescentem
1100 2514 1127 2578 si
1150 2509 1228 2577 modo

164 2633 271 2723 possit
296 2647 507 2708 auocaturus,
545 2645 578 2693 et
613 2651 790 2719 quousque
813 2626 978 2721 progredi
1002 2626 1108 2694 liceat
1131 2632 1227 2718 euper-

165 2766 268 2826 turus,
296 2744 417 2812 callida
441 2742 648 2836 impudentia
676 2760 708 2807 et
732 2741 821 2808 inter
846 2744 957 2809 iocum
973 2744 1163 2836 seriumque
1175 2762 1225 2805 am·

165 2863 264 2954 bigua
299 2860 427 2953 aliquid
461 2858 549 2926 ultro
585 2859 735 2926 confiteri
765 2859 889 2925 mavult
924 2885 1024 2952 quam
1061 2861 1223 2927 continuata

163 2979 344 3045 Lesbonici
375 2977 569 3070 quaestione
601 2972 726 3040 fraudis
759 2999 838 3040 suae
872 2977 970 3042 totius
997 2978 1159 3042 convinci.
1196 2971 1221 3034 ln

163 3093 250 3159 hanc
275 3094 375 3185 igitur
398 3089 609 3191 pau-tenffllla
636 3089 761 3157 valent:
800 3089 914 3182 Quid,
952 3090 1046 3184 quod
1081 3117 1146 3184 ego
1158 3091 1217 3176 snt·

163 3208 269 3275 davi?
301 3212 381 3275 Mox
408 3229 518 3274 tamen
543 3231 612 3273 non
638 3208 715 3273 satis
742 3223 811 3273 tuto
837 3207 899 3274 hac
927 3206 1069 3300 quidem
1096 3213 1145 3276 via
1161 3224 1216 3298 pro·

165 3323 242 3389 cedi
275 3325 421 3389 sentiens
458 3322 645 3408 (minaciter
671 3320 839 3419 effimvel
869 3324 1034 3388 morosius
1072 3341 1161 3390 certe
1180 3339 1218 3383 re·

164 3439 334 3532 spondere
362 3437 514 3503 dominus
540 3438 616 3502 laem
639 3441 744 3549 iquec
768 3441 859 3502 ratio
884 3455 1080 3502 maxumast
1108 3435 1218 3506 creden-

161 3554 240 3639 dus)
269 3553 418 3620 simulata
446 3555 625 3620 honestatis
658 3555 772 3646 specie
809 3569 843 3619 et
876 3552 1128 3644 propemodum
1155 3545 1219 3616 indi·

160 3669 358 3765 gnabundus
385 3671 535 3762 quamvis
561 3667 686 3734 fraudis
702 3669 927 3760 suspicionem
952 3666 1143 3762 longissime
1164 3683 1217 3731 att

160 3786 359 3880 propulsare
383 3787 514 3864 studet,
548 3804 580 3850 et
606 3804 760 3878 tanquam
788 3784 1011 3850 sanctissimus
1037 3809 1161 3850 morum
1181 3802 1219 3842 ca-

161 3906 297 3996 stigator
324 3903 421 3995 culpa
456 3900 658 3994 dilapidatae
697 3902 860 3994 pecuniae
883 3903 918 3966 in
943 3903 1055 3993 ipsum
1080 3893 1219 3967 Lesboni-

161 4043 234 4086 cum
263 4023 353 4085 onnui
379 4017 534 4085 translata
559 4040 690 4082 rursum
717 4017 779 4083 huc
800 4018 930 4083 ratione
961 4041 998 4082 se
1026 4040 1128 4110 posse
1154 4007 1221 4082 elabi

160 4154 280 4228 sperat.
333 4137 406 4201 lluc
430 4135 517 4200 enim
544 4160 571 4199 v.
603 4135 646 4200 12
667 4157 741 4229 sqq
768 4151 937 4224 spectant:

258 4253 339 4317 Non
364 4250 427 4315 tibi
448 4249 532 4314 illud
556 4272 739 4340 apparere,
767 4251 797 4312 si
818 4272 943 4323 sumas,
967 4265 1099 4339 potest:

260 4367 339 4430 Nisi
363 4383 399 4429 tu
427 4366 616 4431 immortale
642 4388 719 4429 rere
746 4388 818 4428 esse
844 4382 1030 4454 argentum
1053 4365 1158 4460 tibi..
1207 4410 1209 4415 -
1271 4422 1273 4455 i
