<?xml version="1.0" encoding="UTF-8"?>
<!DOCTYPE html PUBLIC "-//W3C//DTD XHTML 1.0 Transitional//EN"
    "http://www.w3.org/TR/xhtml1/DTD/xhtml1-transitional.dtd">
<html xmlns="http://www.w3.org/1999/xhtml" xml:lang="en" lang="en">
 <head>
  <title>
</title>
<meta http-equiv="Content-Type" content="text/html;charset=utf-8" />
  <meta name='ocr-system' content='tesseract 3.04.00' />
  <meta name='ocr-capabilities' content='ocr_page ocr_carea ocr_par ocr_line ocrx_word'/>
</head>
<body>
  <div class='ocr_page' id='page_1' title='image "./parergonplautin00ritsgoog_0017.png"; bbox 0 0 2872 4942; ppageno 0'>
   <div class='ocr_carea' id='block_1_1' title="bbox 320 1298 924 1449">
    <p class='ocr_par' dir='ltr' id='par_1_1' title="bbox 320 1298 924 1449">
     <span class='ocr_line' id='line_1_1' title="bbox 320 1298 924 1449; baseline -0.022 0"><span class='ocrx_word' id='word_1_1' title='bbox 320 1298 924 1449; x_wconf 75' lang='lat' dir='ltr'><strong>.rnnnrnr1o</strong></span> 
     </span>
    </p>
   </div>
   <div class='ocr_carea' id='block_1_2' title="bbox 10 1694 1325 4375">
    <p class='ocr_par' dir='ltr' id='par_1_2' title="bbox 25 1694 1196 2168">
     <span class='ocr_line' id='line_1_2' title="bbox 779 1694 870 1743; baseline 0 -10"><span class='ocrx_word' id='word_1_2' title='bbox 779 1722 790 1743; x_wconf 84' lang='lat'><strong>,</strong></span> <span class='ocrx_word' id='word_1_3' title='bbox 852 1694 870 1733; x_wconf 76' lang='grc'><strong>1</strong></span> 
     </span>
     <span class='ocr_line' id='line_1_3' title="bbox 203 1740 1194 1869; baseline 0.002 -31"><span class='ocrx_word' id='word_1_4' title='bbox 203 1776 300 1840; x_wconf 81' lang='lat' dir='ltr'><strong>Iunxi</strong></span> <span class='ocrx_word' id='word_1_5' title='bbox 325 1773 378 1840; x_wconf 91' lang='lat' dir='ltr'><strong>his</strong></span> <span class='ocrx_word' id='word_1_6' title='bbox 398 1773 634 1856; x_wconf 79' lang='lat' dir='ltr'><strong>voluminibus,</strong></span> <span class='ocrx_word' id='word_1_7' title='bbox 660 1801 757 1869; x_wconf 86' lang='lat' dir='ltr'><strong>quac,</strong></span> <span class='ocrx_word' id='word_1_8' title='bbox 785 1740 1194 1868; x_wconf 63' lang='grc' dir='ltr'><strong>1110111111ηέ11·1111111·,</strong></span> 
     </span>
     <span class='ocr_line' id='line_1_4' title="bbox 99 1873 1196 1970; baseline -0.001 -28"><span class='ocrx_word' id='word_1_9' title='bbox 99 1901 164 1970; x_wconf 88' lang='lat' dir='ltr'><strong>per</strong></span> <span class='ocrx_word' id='word_1_10' title='bbox 205 1873 370 1940; x_wconf 86' lang='lat' dir='ltr'><strong>variarum</strong></span> <span class='ocrx_word' id='word_1_11' title='bbox 405 1876 616 1943; x_wconf 85' lang='lat' dir='ltr'><strong>occasionum</strong></span> <span class='ocrx_word' id='word_1_12' title='bbox 653 1876 938 1967; x_wconf 84' lang='lat' dir='ltr'><strong>opportunitatem</strong></span> <span class='ocrx_word' id='word_1_13' title='bbox 972 1899 1123 1941; x_wconf 89' lang='lat' dir='ltr'><strong>seorsum</strong></span> <span class='ocrx_word' id='word_1_14' title='bbox 1162 1892 1196 1941; x_wconf 87' lang='lat' dir='ltr'><strong>et</strong></span> 
     </span>
     <span class='ocr_line' id='line_1_5' title="bbox 102 1972 1194 2071; baseline -0.005 -27"><span class='ocrx_word' id='word_1_15' title='bbox 102 1977 241 2071; x_wconf 89' lang='lat' dir='ltr'><strong>scripta</strong></span> <span class='ocrx_word' id='word_1_16' title='bbox 248 1991 281 2040; x_wconf 92' lang='lat' dir='ltr'><strong>et</strong></span> <span class='ocrx_word' id='word_1_17' title='bbox 305 1998 425 2063; x_wconf 85' lang='lat' dir='ltr'><strong>magna</strong></span> <span class='ocrx_word' id='word_1_18' title='bbox 460 1999 500 2038; x_wconf 83' lang='lat' dir='ltr'><strong>ex</strong></span> <span class='ocrx_word' id='word_1_19' title='bbox 521 1991 618 2064; x_wconf 89' lang='lat' dir='ltr'><strong>parte</strong></span> <span class='ocrx_word' id='word_1_20' title='bbox 654 1972 744 2040; x_wconf 88' lang='lat' dir='ltr'><strong>edita</strong></span> <span class='ocrx_word' id='word_1_21' title='bbox 776 1991 862 2040; x_wconf 87' lang='lat' dir='ltr'><strong>sunt.</strong></span> <span class='ocrx_word' id='word_1_22' title='bbox 915 1978 1007 2059; x_wconf 84' lang='lat' dir='ltr'>Quae</span> <span class='ocrx_word' id='word_1_23' title='bbox 1036 1999 1096 2045; x_wconf 76' lang='lat' dir='ltr'><strong>,res</strong></span> <span class='ocrx_word' id='word_1_24' title='bbox 1132 1974 1194 2041; x_wconf 89' lang='lat' dir='ltr'><strong>etsi</strong></span> 
     </span>
     <span class='ocr_line' id='line_1_6' title="bbox 25 2060 1194 2168; baseline -0.003 -28"><span class='ocrx_word' id='word_1_25' title='bbox 25 2068 30 2079; x_wconf 57' lang='lat'><strong>¹</strong></span> <span class='ocrx_word' id='word_1_26' title='bbox 104 2060 270 2168; x_wconf 79' lang='lat' dir='ltr'><strong>quaedam</strong></span> <span class='ocrx_word' id='word_1_27' title='bbox 293 2095 373 2138; x_wconf 85' lang='lat' dir='ltr'><strong>sane</strong></span> <span class='ocrx_word' id='word_1_28' title='bbox 401 2071 615 2140; x_wconf 86' lang='lat' dir='ltr'><strong>incommoda</strong></span> <span class='ocrx_word' id='word_1_29' title='bbox 640 2072 773 2139; x_wconf 89' lang='lat' dir='ltr'><strong>habuit:</strong></span> <span class='ocrx_word' id='word_1_30' title='bbox 809 2084 951 2165; x_wconf 75' lang='lat' dir='ltr'><strong>quotum</strong></span> <span class='ocrx_word' id='word_1_31' title='bbox 982 2071 1067 2137; x_wconf 92' lang='lat' dir='ltr'><strong>illud</strong></span> <span class='ocrx_word' id='word_1_32' title='bbox 1102 2074 1194 2164; x_wconf 83' lang='lat' dir='ltr'><strong>parvi</strong></span> 
     </span>
    </p>

    <p class='ocr_par' dir='ltr' id='par_1_3' title="bbox 41 2168 1208 2466">
     <span class='ocr_line' id='line_1_7' title="bbox 41 2168 1208 2287; baseline -0.003 -47"><span class='ocrx_word' id='word_1_33' title='bbox 41 2220 45 2225; x_wconf 96' lang='lat'>-</span> <span class='ocrx_word' id='word_1_34' title='bbox 101 2171 237 2267; x_wconf 83' lang='lat' dir='ltr'><strong>pondo,</strong></span> <span class='ocrx_word' id='word_1_35' title='bbox 281 2168 375 2263; x_wconf 89' lang='lat' dir='ltr'><strong>quod</strong></span> <span class='ocrx_word' id='word_1_36' title='bbox 414 2170 533 2237; x_wconf 88' lang='lat' dir='ltr'><strong>latinae</strong></span> <span class='ocrx_word' id='word_1_37' title='bbox 567 2170 744 2239; x_wconf 87' lang='lat' dir='ltr'><strong>vernacula</strong></span> <span class='ocrx_word' id='word_1_38' title='bbox 786 2170 898 2287; x_wconf 87' lang='lat' dir='ltr'><strong>lingua</strong></span> <span class='ocrx_word' id='word_1_39' title='bbox 938 2173 1037 2237; x_wconf 82' lang='lat' dir='ltr'><strong>mixta</strong></span> <span class='ocrx_word' id='word_1_40' title='bbox 1069 2170 1208 2237; x_wconf 50' lang='lat' dir='ltr'><strong>librum«.</strong></span> 
     </span>
     <span class='ocr_line' id='line_1_8' title="bbox 100 2266 1193 2364; baseline -0.004 -25"><span class='ocrx_word' id='word_1_41' title='bbox 100 2272 288 2364; x_wconf 82' lang='lat' dir='ltr'><strong>bilinguem</strong></span> <span class='ocrx_word' id='word_1_42' title='bbox 305 2270 392 2336; x_wconf 86' lang='lat' dir='ltr'><strong>feci:</strong></span> <span class='ocrx_word' id='word_1_43' title='bbox 419 2287 532 2337; x_wconf 88' lang='lat' dir='ltr'><strong>tamen</strong></span> <span class='ocrx_word' id='word_1_44' title='bbox 548 2273 647 2336; x_wconf 92' lang='lat' dir='ltr'><strong>etiam</strong></span> <span class='ocrx_word' id='word_1_45' title='bbox 666 2266 833 2339; x_wconf 83' lang='lat' dir='ltr'><strong>commodi</strong></span> <span class='ocrx_word' id='word_1_46' title='bbox 859 2273 923 2338; x_wconf 92' lang='lat' dir='ltr'><strong>hoe</strong></span> <span class='ocrx_word' id='word_1_47' title='bbox 941 2271 1084 2363; x_wconf 87' lang='lat' dir='ltr'><strong>peperit,</strong></span> <span class='ocrx_word' id='word_1_48' title='bbox 1101 2268 1193 2362; x_wconf 90' lang='lat' dir='ltr'><strong>quod</strong></span> 
     </span>
     <span class='ocr_line' id='line_1_9' title="bbox 85 2366 1195 2466; baseline -0.003 -29"><span class='ocrx_word' id='word_1_49' title='bbox 85 2368 355 2466; x_wconf 85' lang='lat' dir='ltr'><strong>¹propemodum</strong></span> <span class='ocrx_word' id='word_1_50' title='bbox 380 2367 472 2434; x_wconf 89' lang='lat' dir='ltr'><strong>nulla</strong></span> <span class='ocrx_word' id='word_1_51' title='bbox 494 2370 612 2434; x_wconf 84' lang='lat' dir='ltr'><strong>hatum</strong></span> <span class='ocrx_word' id='word_1_52' title='bbox 640 2366 953 2437; x_wconf 78' lang='lat' dir='ltr'><strong>comtnentalionum</strong></span> <span class='ocrx_word' id='word_1_53' title='bbox 979 2394 1068 2435; x_wconf 91' lang='lat' dir='ltr'><strong>nunc</strong></span> <span class='ocrx_word' id='word_1_54' title='bbox 1094 2371 1195 2434; x_wconf 84' lang='lat' dir='ltr'><strong>itcra-</strong></span> 
     </span>
    </p>

    <p class='ocr_par' dir='ltr' id='par_1_4' title="bbox 61 2438 1278 3059">
     <span class='ocr_line' id='line_1_10' title="bbox 61 2438 1195 2563; baseline -0.004 -24"><span class='ocrx_word' id='word_1_55' title='bbox 61 2500 66 2515; x_wconf 87' lang='lat'><em>·</em></span> <span class='ocrx_word' id='word_1_56' title='bbox 102 2490 168 2552; x_wconf 86' lang='lat' dir='ltr'><strong>tur,</strong></span> <span class='ocrx_word' id='word_1_57' title='bbox 193 2472 274 2563; x_wconf 92' lang='lat' dir='ltr'><strong>quin</strong></span> <span class='ocrx_word' id='word_1_58' title='bbox 290 2468 445 2536; x_wconf 88' lang='lat' dir='ltr'><strong>secundis</strong></span> <span class='ocrx_word' id='word_1_59' title='bbox 475 2470 560 2534; x_wconf 90' lang='lat' dir='ltr'><strong>curis</strong></span> <span class='ocrx_word' id='word_1_60' title='bbox 577 2486 779 2561; x_wconf 84' lang='lat' dir='ltr'><strong>pertractata</strong></span> <span class='ocrx_word' id='word_1_61' title='bbox 803 2488 836 2536; x_wconf 90' lang='lat' dir='ltr'><strong>et</strong></span> <span class='ocrx_word' id='word_1_62' title='bbox 857 2496 956 2561; x_wconf 80' lang='lat' dir='ltr'><strong>saepe</strong></span> <span class='ocrx_word' id='word_1_63' title='bbox 971 2438 1108 2560; x_wconf 87' lang='lat' dir='ltr'><strong>singulis</strong></span> <span class='ocrx_word' id='word_1_64' title='bbox 1136 2494 1195 2560; x_wconf 87' lang='lat' dir='ltr'><strong>pa-</strong></span> 
     </span>
     <span class='ocr_line' id='line_1_11' title="bbox 111 2566 1195 2662; baseline 0.001 -28"><span class='ocrx_word' id='word_1_65' title='bbox 111 2571 195 2662; x_wconf 82' lang='lat' dir='ltr'><strong>ginis</strong></span> <span class='ocrx_word' id='word_1_66' title='bbox 231 2566 287 2633; x_wconf 88' lang='lat' dir='ltr'><strong>vcl</strong></span> <span class='ocrx_word' id='word_1_67' title='bbox 319 2585 408 2633; x_wconf 88' lang='lat' dir='ltr'><strong>aucta</strong></span> <span class='ocrx_word' id='word_1_68' title='bbox 441 2568 493 2634; x_wconf 89' lang='lat' dir='ltr'><strong>vel</strong></span> <span class='ocrx_word' id='word_1_69' title='bbox 518 2588 667 2634; x_wconf 86' lang='lat' dir='ltr'><strong>correcta</strong></span> <span class='ocrx_word' id='word_1_70' title='bbox 695 2566 846 2658; x_wconf 79' lang='lat' dir='ltr'><strong>prodeat.</strong></span> <span class='ocrx_word' id='word_1_71' title='bbox 897 2570 970 2651; x_wconf 91' lang='lat' dir='ltr'><strong>Quo</strong></span> <span class='ocrx_word' id='word_1_72' title='bbox 1005 2568 1040 2631; x_wconf 90' lang='lat' dir='ltr'><strong>i&#39;n</strong></span> <span class='ocrx_word' id='word_1_73' title='bbox 1073 2593 1195 2660; x_wconf 84' lang='lat' dir='ltr'><strong>gepere</strong></span> 
     </span>
     <span class='ocr_line' id='line_1_12' title="bbox 113 2666 1196 2759; baseline 0.002 -28"><span class='ocrx_word' id='word_1_74' title='bbox 113 2666 316 2759; x_wconf 61' lang='lat' dir='ltr'><strong>plerufique</strong></span> <span class='ocrx_word' id='word_1_75' title='bbox 343 2668 413 2733; x_wconf 85' lang='lat' dir='ltr'><strong>satis</strong></span> <span class='ocrx_word' id='word_1_76' title='bbox 446 2669 547 2733; x_wconf 88' lang='lat' dir='ltr'><strong>habui</strong></span> <span class='ocrx_word' id='word_1_77' title='bbox 570 2669 713 2732; x_wconf 88' lang='lat' dir='ltr'><strong>rectiora</strong></span> <span class='ocrx_word' id='word_1_78' title='bbox 742 2668 998 2757; x_wconf 87' lang='lat' dir='ltr'><strong>reprobatorum</strong></span> <span class='ocrx_word' id='word_1_79' title='bbox 1023 2669 1056 2730; x_wconf 89' lang='lat' dir='ltr'><strong>in</strong></span> <span class='ocrx_word' id='word_1_80' title='bbox 1084 2666 1196 2733; x_wconf 86' lang='lat' dir='ltr'><strong>locum</strong></span> 
     </span>
     <span class='ocr_line' id='line_1_13' title="bbox 111 2760 1197 2860; baseline 0 -28"><span class='ocrx_word' id='word_1_81' title='bbox 111 2767 211 2832; x_wconf 87' lang='lat' dir='ltr'><strong>tacito</strong></span> <span class='ocrx_word' id='word_1_82' title='bbox 239 2764 453 2846; x_wconf 80' lang='lat' dir='ltr'><strong>substituisse,</strong></span> <span class='ocrx_word' id='word_1_83' title='bbox 480 2792 544 2832; x_wconf 89' lang='lat' dir='ltr'><strong>nee</strong></span> <span class='ocrx_word' id='word_1_84' title='bbox 573 2767 645 2832; x_wconf 84' lang='lat' dir='ltr'><strong>fere</strong></span> <span class='ocrx_word' id='word_1_85' title='bbox 674 2764 716 2830; x_wconf 88' lang='lat' dir='ltr'><strong>de</strong></span> <span class='ocrx_word' id='word_1_86' title='bbox 744 2768 847 2846; x_wconf 91' lang='lat' dir='ltr'><strong>novis,</strong></span> <span class='ocrx_word' id='word_1_87' title='bbox 868 2760 967 2860; x_wconf 65' lang='lat' dir='ltr'><strong>‘quae</strong></span> <span class='ocrx_word' id='word_1_88' title='bbox 994 2760 1062 2837; x_wconf 75' lang='lat' dir='ltr'><strong>sive</strong></span> <span class='ocrx_word' id='word_1_89' title='bbox 1091 2791 1197 2851; x_wconf 80' lang='lat' dir='ltr'><strong>anno-</strong></span> 
     </span>
     <span class='ocr_line' id='line_1_14' title="bbox 105 2864 1278 2961; baseline 0 -31"><span class='ocrx_word' id='word_1_90' title='bbox 105 2864 209 2931; x_wconf 90' lang='lat' dir='ltr'><strong>tando</strong></span> <span class='ocrx_word' id='word_1_91' title='bbox 243 2864 310 2929; x_wconf 88' lang='lat' dir='ltr'><strong>sive</strong></span> <span class='ocrx_word' id='word_1_92' title='bbox 339 2864 519 2932; x_wconf 87' lang='lat' dir='ltr'><strong>inserendo</strong></span> <span class='ocrx_word' id='word_1_93' title='bbox 555 2891 676 2931; x_wconf 84' lang='lat' dir='ltr'><strong>reeens</strong></span> <span class='ocrx_word' id='word_1_94' title='bbox 709 2886 940 2961; x_wconf 54' lang='lat' dir='ltr'><strong>accesqerunt,</strong></span> <span class='ocrx_word' id='word_1_95' title='bbox 971 2894 995 2941; x_wconf 82' lang='grc'><strong>,1</strong></span> <span class='ocrx_word' id='word_1_96' title='bbox 1025 2867 1195 2930; x_wconf 81' lang='lat' dir='ltr'><strong>veteribus</strong></span> <span class='ocrx_word' id='word_1_97' title='bbox 1274 2872 1278 2881; x_wconf 87' lang='lat'>&#39;</span> 
     </span>
     <span class='ocr_line' id='line_1_15' title="bbox 101 2961 1205 3059; baseline -0.001 -30"><span class='ocrx_word' id='word_1_98' title='bbox 101 2963 288 3057; x_wconf 83' lang='lat' dir='ltr'><strong>diligenter</strong></span> <span class='ocrx_word' id='word_1_99' title='bbox 318 2961 550 3032; x_wconf 84' lang='lat' dir='ltr'><strong>discernendis</strong></span> <span class='ocrx_word' id='word_1_100' title='bbox 578 2963 739 3032; x_wconf 90' lang='lat' dir='ltr'><strong>sollicitus</strong></span> <span class='ocrx_word' id='word_1_101' title='bbox 774 2965 836 3029; x_wconf 84' lang='lat' dir='ltr'><strong>fui:</strong></span> <span class='ocrx_word' id='word_1_102' title='bbox 872 2968 935 3031; x_wconf 90' lang='lat' dir='ltr'><strong>nisi</strong></span> <span class='ocrx_word' id='word_1_103' title='bbox 969 2964 1060 3059; x_wconf 90' lang='lat' dir='ltr'><strong>quod</strong></span> <span class='ocrx_word' id='word_1_104' title='bbox 1097 2966 1205 3039; x_wconf 70' lang='lat' dir='ltr'><strong>certio,</strong></span> 
     </span>
    </p>

    <p class='ocr_par' dir='ltr' id='par_1_5' title="bbox 10 3062 1325 4250">
     <span class='ocr_line' id='line_1_16' title="bbox 101 3062 1195 3195; baseline -0.004 -63"><span class='ocrx_word' id='word_1_105' title='bbox 101 3064 139 3128; x_wconf 88' lang='lat' dir='ltr'><strong>id</strong></span> <span class='ocrx_word' id='word_1_106' title='bbox 164 3062 348 3129; x_wconf 80' lang='lat' dir='ltr'><strong>rationibus</strong></span> <span class='ocrx_word' id='word_1_107' title='bbox 381 3062 559 3173; x_wconf 68' lang='lat' dir='ltr'><strong>aliquotres</strong></span> <span class='ocrx_word' id='word_1_108' title='bbox 590 3062 653 3129; x_wconf 83' lang='lat' dir='ltr'><strong>vel</strong></span> <span class='ocrx_word' id='word_1_109' title='bbox 671 3062 887 3129; x_wconf 66' lang='lat' dir='ltr'><strong>suadentibus</strong></span> <span class='ocrx_word' id='word_1_110' title='bbox 897 3063 970 3195; x_wconf 43' lang='lat' dir='ltr'><strong>&#39;vel</strong></span> <span class='ocrx_word' id='word_1_111' title='bbox 1002 3064 1195 3130; x_wconf 88' lang='lat' dir='ltr'><strong>iubentibus</strong></span> 
     </span>
     <span class='ocr_line' id='line_1_17' title="bbox 98 3142 1049 3301; baseline -0.005 -73"><span class='ocrx_word' id='word_1_112' title='bbox 98 3181 292 3301; x_wconf 80' lang='lat' dir='ltr'><strong>temporum</strong></span> <span class='ocrx_word' id='word_1_113' title='bbox 318 3144 529 3230; x_wconf 62' lang='lat' dir='ltr'><strong>diversitates</strong></span> <span class='ocrx_word' id='word_1_114' title='bbox 555 3163 678 3230; x_wconf 91' lang='lat' dir='ltr'><strong>leviter</strong></span> <span class='ocrx_word' id='word_1_115' title='bbox 698 3142 955 3253; x_wconf 55' lang='lat' dir='ltr'><strong>&#39;significaviflr</strong></span> <span class='ocrx_word' id='word_1_116' title='bbox 1025 3174 1049 3223; x_wconf 80' lang='lat' dir='ltr'><strong>t·</strong></span> 
     </span>
     <span class='ocr_line' id='line_1_18' title="bbox 202 3234 1197 3373; baseline -0.001 -48"><span class='ocrx_word' id='word_1_117' title='bbox 202 3261 583 3373; x_wconf 54' lang='lat' dir='ltr'><strong>dtquepraeterhaec,</strong></span> <span class='ocrx_word' id='word_1_118' title='bbox 612 3261 656 3328; x_wconf 89' lang='lat' dir='ltr'><strong>dc</strong></span> <span class='ocrx_word' id='word_1_119' title='bbox 674 3263 795 3353; x_wconf 86' lang='lat' dir='ltr'><strong>quibus</strong></span> <span class='ocrx_word' id='word_1_120' title='bbox 821 3261 873 3328; x_wconf 89' lang='lat' dir='ltr'><strong>his</strong></span> <span class='ocrx_word' id='word_1_121' title='bbox 887 3260 1057 3328; x_wconf 88' lang='lat' dir='ltr'><strong>versiculis</strong></span> <span class='ocrx_word' id='word_1_122' title='bbox 1073 3234 1197 3341; x_wconf 89' lang='lat' dir='ltr'><strong>monui,</strong></span> 
     </span>
     <span class='ocr_line' id='line_1_19' title="bbox 104 3346 1197 3476; baseline 0.001 -50"><span class='ocrx_word' id='word_1_123' title='bbox 104 3360 258 3450; x_wconf 84' lang='lat' dir='ltr'><strong>profecto</strong></span> <span class='ocrx_word' id='word_1_124' title='bbox 293 3356 380 3425; x_wconf 88' lang='lat' dir='ltr'><strong>nihil</strong></span> <span class='ocrx_word' id='word_1_125' title='bbox 418 3360 510 3476; x_wconf 81' lang='lat' dir='ltr'><strong>qnod</strong></span> <span class='ocrx_word' id='word_1_126' title='bbox 535 3346 711 3455; x_wconf 75' lang='lat' dir='ltr'><strong>praefa1cr</strong></span> <span class='ocrx_word' id='word_1_127' title='bbox 735 3361 911 3442; x_wconf 71' lang='lat' dir='ltr'><strong>haberem,</strong></span> <span class='ocrx_word' id='word_1_128' title='bbox 943 3362 1006 3427; x_wconf 90' lang='lat' dir='ltr'><strong>nisi</strong></span> <span class='ocrx_word' id='word_1_129' title='bbox 1033 3361 1197 3455; x_wconf 82' lang='lat' dir='ltr'><strong>quaedam</strong></span> 
     </span>
     <span class='ocr_line' id='line_1_20' title="bbox 106 3456 1195 3550; baseline 0.006 -28"><span class='ocrx_word' id='word_1_130' title='bbox 106 3458 170 3523; x_wconf 79' lang='lat' dir='ltr'><strong>suis</strong></span> <span class='ocrx_word' id='word_1_131' title='bbox 194 3459 277 3526; x_wconf 90' lang='lat' dir='ltr'><strong>locis</strong></span> <span class='ocrx_word' id='word_1_132' title='bbox 304 3456 540 3550; x_wconf 65' lang='lat' dir='ltr'><strong>praetermissi</strong></span> <span class='ocrx_word' id='word_1_133' title='bbox 571 3486 642 3527; x_wconf 90' lang='lat' dir='ltr'><strong>esse</strong></span> <span class='ocrx_word' id='word_1_134' title='bbox 664 3459 983 3540; x_wconf 74' lang='lat' dir='ltr'><strong>intellexissem,</strong></span> <span class='ocrx_word' id='word_1_135' title='bbox 957 3486 1025 3529; x_wconf 84' lang='lat' dir='ltr'><strong>stvc</strong></span> <span class='ocrx_word' id='word_1_136' title='bbox 1057 3461 1092 3526; x_wconf 92' lang='lat' dir='ltr'><strong>id</strong></span> <span class='ocrx_word' id='word_1_137' title='bbox 1120 3486 1195 3528; x_wconf 91' lang='lat' dir='ltr'><strong>meo</strong></span> 
     </span>
     <span class='ocr_line' id='line_1_21' title="bbox 105 3552 1238 3653; baseline 0.001 -31"><span class='ocrx_word' id='word_1_138' title='bbox 105 3557 184 3622; x_wconf 89' lang='lat' dir='ltr'><strong>vitio</strong></span> <span class='ocrx_word' id='word_1_139' title='bbox 213 3558 338 3624; x_wconf 68' lang='lat' dir='ltr'><strong>ouum</strong></span> <span class='ocrx_word' id='word_1_140' title='bbox 376 3579 440 3626; x_wconf 88' lang='lat' dir='ltr'><strong>est:</strong></span> <span class='ocrx_word' id='word_1_141' title='bbox 480 3562 509 3627; x_wconf 88' lang='lat' dir='ltr'><strong>si</strong></span> <span class='ocrx_word' id='word_1_142' title='bbox 532 3554 640 3628; x_wconf 81' lang='lat' dir='ltr'><strong>modd</strong></span> <span class='ocrx_word' id='word_1_143' title='bbox 672 3561 787 3624; x_wconf 83' lang='lat' dir='ltr'><strong>vitium</strong></span> <span class='ocrx_word' id='word_1_144' title='bbox 821 3579 870 3627; x_wconf 88' lang='lat' dir='ltr'><strong>est</strong></span> <span class='ocrx_word' id='word_1_145' title='bbox 902 3557 1092 3653; x_wconf 71' lang='grc' dir='ltr'><em>γηράσκειν</em></span> <span class='ocrx_word' id='word_1_146' title='bbox 1124 3555 1197 3625; x_wconf 84' lang='grc' dir='ltr'><em>αἰεὶ</em></span> <span class='ocrx_word' id='word_1_147' title='bbox 1235 3552 1238 3559; x_wconf 76' lang='grc'><strong>’</strong></span> 
     </span>
     <span class='ocr_line' id='line_1_22' title="bbox 66 3647 1291 3750; baseline 0.004 -30"><span class='ocrx_word' id='word_1_148' title='bbox 66 3722 71 3729; x_wconf 78' lang='grc'><strong>,</strong></span> <span class='ocrx_word' id='word_1_149' title='bbox 101 3652 228 3721; x_wconf 75' lang='grc' dir='ltr'><em>πολλὰ</em></span> <span class='ocrx_word' id='word_1_150' title='bbox 250 3647 539 3747; x_wconf 52' lang='grc' dir='ltr'><em>διδασκόμενον</em></span> <span class='ocrx_word' id='word_1_151' title='bbox 567 3663 634 3726; x_wconf 80' lang='lat' dir='ltr'><strong>sive</strong></span> <span class='ocrx_word' id='word_1_152' title='bbox 660 3657 801 3725; x_wconf 86' lang='lat' dir='ltr'><strong>aliorum</strong></span> <span class='ocrx_word' id='word_1_153' title='bbox 825 3663 959 3739; x_wconf 88' lang='lat' dir='ltr'><strong>virtute,</strong></span> <span class='ocrx_word' id='word_1_154' title='bbox 987 3663 1043 3750; x_wconf 86' lang='lat' dir='ltr'><strong>qui</strong></span> <span class='ocrx_word' id='word_1_155' title='bbox 1072 3658 1161 3725; x_wconf 83' lang='lat' dir='ltr'><strong>de&#39;&#39;</strong></span> <span class='ocrx_word' id='word_1_156' title='bbox 1139 3683 1197 3724; x_wconf 86' lang='lat' dir='ltr'><strong>ns·</strong></span> <span class='ocrx_word' id='word_1_157' title='bbox 1284 3728 1291 3739; x_wconf 63' lang='grc'><strong>,</strong></span> 
     </span>
     <span class='ocr_line' id='line_1_23' title="bbox 106 3752 1315 3851; baseline 0.001 -31"><span class='ocrx_word' id='word_1_158' title='bbox 106 3752 187 3820; x_wconf 91' lang='lat' dir='ltr'><strong>dem</strong></span> <span class='ocrx_word' id='word_1_159' title='bbox 221 3757 323 3822; x_wconf 88' lang='lat' dir='ltr'><strong>rebus</strong></span> <span class='ocrx_word' id='word_1_160' title='bbox 357 3776 434 3848; x_wconf 91' lang='lat' dir='ltr'><strong>post</strong></span> <span class='ocrx_word' id='word_1_161' title='bbox 460 3762 637 3850; x_wconf 87' lang='lat' dir='ltr'><strong>impressas</strong></span> <span class='ocrx_word' id='word_1_162' title='bbox 660 3759 960 3829; x_wconf 72' lang='grc' dir='ltr'><strong>111111.εῇ11111111</strong></span> <span class='ocrx_word' id='word_1_163' title='bbox 984 3755 1110 3851; x_wconf 75' lang='lat' dir='ltr'><strong>aliquid</strong></span> <span class='ocrx_word' id='word_1_164' title='bbox 1136 3783 1198 3849; x_wconf 89' lang='lat' dir='ltr'><strong>pu·</strong></span> <span class='ocrx_word' id='word_1_165' title='bbox 1305 3836 1315 3847; x_wconf 91' lang='lat'><strong>..</strong></span> 
     </span>
     <span class='ocr_line' id='line_1_24' title="bbox 103 3834 1325 3951; baseline 0.006 -33"><span class='ocrx_word' id='word_1_166' title='bbox 103 3853 195 3920; x_wconf 91' lang='lat' dir='ltr'><strong>bliee</strong></span> <span class='ocrx_word' id='word_1_167' title='bbox 223 3852 463 3947; x_wconf 86' lang='lat' dir='ltr'><strong>prodiderunt.</strong></span> <span class='ocrx_word' id='word_1_168' title='bbox 505 3857 608 3926; x_wconf 90' lang='lat' dir='ltr'><strong>Velut</strong></span> <span class='ocrx_word' id='word_1_169' title='bbox 634 3882 719 3951; x_wconf 87' lang='lat' dir='ltr'><strong>quac</strong></span> <span class='ocrx_word' id='word_1_170' title='bbox 748 3858 833 3922; x_wconf 94' lang='lat' dir='ltr'><strong>his</strong></span> <span class='ocrx_word' id='word_1_171' title='bbox 824 3834 905 3948; x_wconf 83' lang='lat' dir='ltr'><strong>ipsis</strong></span> <span class='ocrx_word' id='word_1_172' title='bbox 930 3858 1049 3925; x_wconf 91' lang='lat' dir='ltr'><strong>diebus</strong></span> <span class='ocrx_word' id='word_1_173' title='bbox 1076 3855 1117 3921; x_wconf 89' lang='lat' dir='ltr'><strong>ad</strong></span> <span class='ocrx_word' id='word_1_174' title='bbox 1144 3882 1197 3922; x_wconf 90' lang='lat' dir='ltr'><strong>me</strong></span> <span class='ocrx_word' id='word_1_175' title='bbox 1263 3850 1325 3925; x_wconf 67' lang='lat' dir='ltr'><strong>›t&#39;</strong></span> 
     </span>
     <span class='ocr_line' id='line_1_25' title="bbox 102 3952 1196 4036; baseline 0.004 -18"><span class='ocrx_word' id='word_1_176' title='bbox 102 3952 201 4019; x_wconf 88' lang='lat' dir='ltr'><strong>allata</strong></span> <span class='ocrx_word' id='word_1_177' title='bbox 235 3971 284 4020; x_wconf 84' lang='lat' dir='ltr'><strong>est</strong></span> <span class='ocrx_word' id='word_1_178' title='bbox 317 3954 419 4022; x_wconf 85' lang='lat' dir='ltr'><strong>altera</strong></span> <span class='ocrx_word' id='word_1_179' title='bbox 457 3958 558 4025; x_wconf 88' lang='lat' dir='ltr'><strong>editio</strong></span> <span class='ocrx_word' id='word_1_180' title='bbox 593 3958 713 4025; x_wconf 81' lang='lat' dir='ltr'><strong>Bruti</strong></span> <span class='ocrx_word' id='word_1_181' title='bbox 752 3956 1019 4036; x_wconf 87' lang='lat' dir='ltr'><strong>Ellendtiani,</strong></span> <span class='ocrx_word' id='word_1_182' title='bbox 1008 3962 1043 4022; x_wconf 82' lang='lat' dir='ltr'><strong>in</strong></span> <span class='ocrx_word' id='word_1_183' title='bbox 1080 3983 1117 4022; x_wconf 89' lang='lat' dir='ltr'><strong>ea</strong></span> <span class='ocrx_word' id='word_1_184' title='bbox 1154 3955 1196 4023; x_wconf 90' lang='lat' dir='ltr'><strong>de</strong></span> 
     </span>
     <span class='ocr_line' id='line_1_26' title="bbox 10 4048 1196 4170; baseline 0.001 -49"><span class='ocrx_word' id='word_1_185' title='bbox 10 4048 19 4121; x_wconf 90' lang='lat' dir='ltr'><strong>l</strong></span> <span class='ocrx_word' id='word_1_186' title='bbox 101 4053 423 4145; x_wconf 79' lang='lat' dir='ltr'><strong>Lagpmarsini</strong></span> <span class='ocrx_word' id='word_1_187' title='bbox 458 4059 685 4126; x_wconf 88' lang='lat' dir='ltr'><strong>codicibus</strong></span> <span class='ocrx_word' id='word_1_188' title='bbox 721 4077 789 4124; x_wconf 91' lang='lat' dir='ltr'><strong>tum</strong></span> <span class='ocrx_word' id='word_1_189' title='bbox 816 4056 954 4151; x_wconf 87' lang='lat' dir='ltr'><strong>praefat</strong></span> <span class='ocrx_word' id='word_1_190' title='bbox 991 4057 1107 4159; x_wconf 88' lang='lat' dir='ltr'><strong>p.IVl</strong></span> <span class='ocrx_word' id='word_1_191' title='bbox 1121 4083 1196 4170; x_wconf 89' lang='lat' dir='ltr'><strong>sqq.</strong></span> 
     </span>
     <span class='ocr_line' id='line_1_27' title="bbox 10 4146 1197 4250; baseline 0.004 -34"><span class='ocrx_word' id='word_1_192' title='bbox 10 4146 18 4209; x_wconf 82' lang='lat' dir='ltr'><strong>l</strong></span> <span class='ocrx_word' id='word_1_193' title='bbox 103 4169 176 4218; x_wconf 90' lang='lat' dir='ltr'><strong>tum</strong></span> <span class='ocrx_word' id='word_1_194' title='bbox 202 4146 859 4247; x_wconf 62' lang='grc'><strong>1118411]11111111111111111111</strong></span> <span class='ocrx_word' id='word_1_195' title='bbox 890 4156 1197 4250; x_wconf 42' lang='grc' dir='ltr'><strong>111111111Η1ΡΡ111,</strong></span> 
     </span>
    </p>

    <p class='ocr_par' dir='ltr' id='par_1_6' title="bbox 10 4248 1198 4375">
     <span class='ocr_line' id='line_1_28' title="bbox 111 4248 1198 4351; baseline 0.005 -34"><span class='ocrx_word' id='word_1_196' title='bbox 111 4277 200 4344; x_wconf 84' lang='lat' dir='ltr'><strong>quae</strong></span> <span class='ocrx_word' id='word_1_197' title='bbox 235 4255 271 4320; x_wconf 91' lang='lat' dir='ltr'><strong>in</strong></span> <span class='ocrx_word' id='word_1_198' title='bbox 302 4253 364 4320; x_wconf 89' lang='lat' dir='ltr'><strong>illa</strong></span> <span class='ocrx_word' id='word_1_199' title='bbox 367 4281 485 4346; x_wconf 86' lang='lat' dir='ltr'><strong>,quae</strong></span> <span class='ocrx_word' id='word_1_200' title='bbox 506 4248 564 4324; x_wconf 88' lang='lat' dir='ltr'><strong>de</strong></span> <span class='ocrx_word' id='word_1_201' title='bbox 590 4256 710 4325; x_wconf 81' lang='lat' dir='ltr'><strong>iisdem</strong></span> <span class='ocrx_word' id='word_1_202' title='bbox 736 4255 907 4325; x_wconf 77' lang='lat' dir='ltr'><strong>codicibus</strong></span> <span class='ocrx_word' id='word_1_203' title='bbox 945 4283 1006 4349; x_wconf 83' lang='lat' dir='ltr'><strong>ego</strong></span> <span class='ocrx_word' id='word_1_204' title='bbox 1040 4289 1068 4348; x_wconf 83' lang='lat' dir='ltr'><strong>p.</strong></span> <span class='ocrx_word' id='word_1_205' title='bbox 1092 4273 1198 4351; x_wconf 43' lang='lat'><strong>56&amp;</strong></span> 
     </span>
     <span class='ocr_line' id='line_1_29' title="bbox 10 4352 16 4375; baseline 0 0"><span class='ocrx_word' id='word_1_206' title='bbox 10 4352 16 4375; x_wconf 82' lang='grc'><em>.</em></span> 
     </span>
    </p>
   </div>
   <div class='ocr_carea' id='block_1_3' title="bbox 0 0 1446 4942">
    <p class='ocr_par' dir='ltr' id='par_1_7' title="bbox 0 0 1446 4942">
     <span class='ocr_line' id='line_1_30' title="bbox 0 0 1446 4942; baseline 0 0"><span class='ocrx_word' id='word_1_207' title='bbox 0 0 1446 4942; x_wconf 95' lang='lat' dir='ltr'><strong> </strong></span> 
     </span>
    </p>
   </div>
  </div>
 </body>
</html>
