2872 4942
175 98 248 175 482
381 124 447 169 Vlll.
498 123 541 164 DE
566 122 716 165 TVRM'I'O
742 120 914 173 scantur!
943 119 1066 163 onoma

176 317 289 394 parte,
320 314 354 365 et
387 297 433 365 ita
464 295 602 390 quidem
628 314 665 361 ut
689 294 812 363 eodem
836 313 1020 388 utrumqne
1050 295 1154 363 verbo
1179 292 1233 358 liat:

175 441 242 482 nec
268 413 351 508 quid
376 411 512 480 tandem
533 413 569 477 in
594 411 689 477 libris
718 428 809 478 essct
825 413 997 505 cognitum
1014 411 1132 479 hahuit
1148 433 1249 502 qnam-

177 533 225 598 vis
251 533 318 597 suis
345 527 449 596 oculis
476 547 635 620 usurpato
663 531 846 595 Decurtato
874 526 1005 595 codice.
1068 527 1144 593 Duo
1169 543 1199 591 et
1216 525 1264 587 ia

176 647 242 714 hoc
260 664 293 711 et
313 647 349 710 in
373 647 501 712 Vetere
527 668 641 710 versus
667 662 754 724 sunt,
781 641 843 710 sed
869 644 905 708 in
926 643 1015 712 hanc
1040 643 1184 735 speciem
1206 637 1270 703 la-

177 762 314 830 conosi:

322 878 439 969 Neffitt
489 922 498 941 .
544 925 552 941 .
607 924 614 939 .
657 925 666 940 .
717 925 724 941 .
773 924 782 942 .
834 877 1117 968 .qnomcogita

322 1039 870 1059 ..........
924 989 1038 1057 dicam
1062 993 1098 1056 si
1115 989 1271 1074 'confes‘

764 1111 900 1174 cussit.

79 1316 81 1323 p
172 1229 243 1295 Nisi
271 1222 364 1318 quod
389 1221 503 1289 dicam
529 1224 667 1290 abesto
693 1192 940 1304 Vet,.ecot
967 1223 1070 1288 habet
1096 1224 1179 1288 Dec.
1221 1212 1271 1283 Ε

175 1367 242 1435 quo
268 1338 466 1432 intelligitur
507 1338 698 1406 felicissime
732 1341 769 1405 in
793 1340 846 1406 his
873 1337 1075 1433 supplendis
1101 1337 1271 1405 Camars-

170 1458 262 1523 rium
287 1474 570 1561 versatnmfsse,
607 1483 624 1520 a
660 1480 726 1548 quo
752 1459 797 1522 ita
822 1473 948 1522 tanturn
969 1455 1185 1549 recessimus,
1215 1463 1271 1515 nl

98 1563 106 1572 ’
170 1598 233 1664 pro
260 1572 384 1639 vitiosis
409 1573 556 1636 numeris
583 1572 763 1641 verborum
780 1577 872 1666 perii
893 1569 1016 1663 oppido
1042 1595 1120 1636 cnm
1145 1571 1271 1659 cogito

169 1690 321 1755 usitatam
355 1687 475 1760 Plauto
510 1666 1020 1757 locutionemit-sutlstituerimus.
1073 1691 1186 1780 cogito
1213 1686 1271 1748 in

170 1805 247 1873 Vct.
274 1806 559 1897 suprascriptum
593 1823 659 1885 est,
696 1805 757 1872 sed
788 1807 891 1900 ipsius
921 1830 1021 1871 mann
1046 1801 1229 1871 'Camerarii
1262 1819 1271 1860 :

169 1926 253 2015 quin
276 1925 393 2012 cogita
417 1921 520 1987 habet
537 1923 638 2012 Lips,
664 1922 803 2014 qnarzdo
821 1926 939 2013 cogita
960 1920 1013 1988 ed.
1027 1922 1148 2013 princ,
1168 1909 1271 1985 illud

170 2063 189 2103 c
214 2053 416 2145 corrffitura,
442 2036 507 2102 hoc
534 2063 552 2101 e
576 2036 651 2130 sigli
676 2063 777 2129 prava
802 2039 1089 2131 interpretatione.
1115 2076 1164 2091 -
1183 2036 1271 2101 De·-

169 2153 272 2245 nique
295 2148 323 2218 vss
351 2153 398 2220 30
430 2176 498 2219 non
534 2155 640 2219 minus
679 2180 778 2246 quam
810 2181 838 2220 v.
868 2155 912 2224 18
941 2152 1065 2219 frustra
1094 2171 1169 2220 sunt
1188 2144 1266 2242 qni

169 2268 305 2334 hercule
327 2268 467 2335 formam
502 2269 715 2336 invexerunt:
755 2294 815 2337 nos
848 2295 952 2336 unum
986 2287 1021 2336 tc
1050 2269 1251 2337 inseruimus

168 2402 202 2450 et
223 2409 294 2449 urta
328 2385 605 2476 transposuimus:
645 2411 722 2450 narn
753 2389 789 2452 in
820 2385 976 2454 Palatinis
1007 2385 1106 2454 libris
1136 2384 1245 2479 priore

168 2497 309 2591 quidem
342 2498 419 2565 loco
454 2519 504 2565 est
537 2498 650 2565 hercle
677 2499 816 2568 obsecro
851 2527 925 2568 cum
958 2501 1026 2589 (vel
1054 2499 1141 2587 com)
1170 2515 1228 2564 oreo

168 2639 238 2678 zaraa
265 2613 426 2694 indicem,
452 2619 638 2708 posteriorc
662 2636 770 2685 autem
795 2616 935 2686 obsecro
958 2619 1076 2686 hercle
1109 2643 1177 2685 cum
1195 2633 1224 2678 ev

166 2754 237 2793 una
263 2728 417 2794 indicem.
444 2767 490 2777 -
518 2731 678 2797 Ceterum
702 2734 767 2800 hoc
790 2759 926 2828 quoquc
955 2733 1113 2827 exemplo
1138 2732 1217 2825 Ostu·
1269 2787 1271 2822 Ι

164 2870 226 2910 nus
252 2844 347 2912 Anal.
375 2873 407 2938 p.
436 2850 504 2917 201
541 2849 660 2914 abusus
695 2866 745 2916 est
777 2849 819 2916 ad
853 2850 1084 2933 adornandam
1114 2847 1154 2916 dc
1176 2842 1217 2910 dl·

163 2960 246 3055 plipi
271 2964 468 3029 recensione
495 2964 688 3056 opinionem
716 2990 818 3031 snam.

660 3282 688 3356 l·
720 3281 752 3348 3.

260 3519 348 3587 Nolo
377 3523 555 3614 exspatiari
580 3523 623 3591 ad
649 3525 1027 3620 interpolationes
1050 3557 1129 3601 nec
1158 3532 1217 3596 ite·

100 3708 101 3711 Ἴ
160 3637 269 3702 ratis
295 3654 413 3728 poetae
446 3640 559 3706 verbis
587 3661 674 3709 ortas
701 3669 783 3711 nec
809 3668 901 3711 cum
927 3644 1215 3741 transpositio·

161 3774 211 3814 ne
239 3753 452 3827 coniunctas,
484 3754 548 3820 'sed
576 3781 593 3821 e
621 3757 902 3850 glossematis
936 3782 1045 3832 natas:
1083 3777 1216 3832 verumtt·

160 3892 247 3946 rnen,
275 3872 432 3961 quoniam
455 3871 498 3936 ad
523 3873 588 3941 hoc
614 3901 715 3967 genus
744 3904 786 3944 cx
812 3880 886 3970 ipsa
908 3883 1114 3950 Mostellaria
1138 3900 1215 3975 quat·

148 3982 239 4077 'dam
264 3984 466 4054 rettulerunt
490 3990 717 4072 immerito,
744 3994 826 4062 haec
854 4000 948 4088 quasi
973 4002 1169 4091 praeteriens
1180 4012 1215 4058 tu-

160 4099 264 4164 tabor.
316 4103 364 4169 lta
393 4130 468 4170 cum
495 4106 520 4187 l,
552 4112 581 4185 l,
607 4110 653 4177 52
669 4134 742 4202 sqq.
770 4111 924 4181 inlibris
952 4117 999 4182 sic
1025 4117 1160 4210 legatur:
