2872 4942
511 325 673 388 ratstnut
703 348 896 389 retvrtnts.
1169 324 1239 396 546

142 512 288 580 modica
316 515 455 609 quidem
481 515 549 596 illa,
575 516 635 581 sed
663 535 771 582 tamen
788 518 984 584 'abhorrens
1002 546 1019 584 a
1035 524 1243 589 senariorum

148 634 493 723 eptenariorumque
531 634 702 697 severitate
743 657 781 697 ae
817 636 957 724 propria
996 639 1244 704 octonariorutn

148 749 521 842 napaesticorutnque.
556 749 597 813 Et
622 749 688 813 hue
715 749 852 839 quidem
878 751 1028 840 pertinet
1051 771 1244 845 correptum

143 915 158 929 .
214 868 234 932 5
267 881 417 930 extremo
449 879 568 955 utque,
607 862 880 957 bisyllaburpque
916 893 945 931 v·
974 869 1020 934 20
1041 866 1140 957 filio:
1180 894 1243 961 pro

142 981 282 1070 [uibus
310 976 471 1071 perfacile
510 978 617 1043 fuerat
650 980 848 1043 substituere
873 995 907 1043 et
934 999 966 1045 et
986 997 1107 1070 gnato.
1159 986 1245 1049 Poe-

142 1095 220 1160 ici
247 1112 354 1160 autem
390 1092 527 1158 dicendi
560 1095 695 1185 generis
728 1098 835 1159 statim
862 1095 902 1159 ab
930 1097 1023 1162 initio
1046 1097 1245 1190 ‘exenrplum

142 1225 264 1274 :xstat
289 1210 461 1282 aetherei,
494 1207 634 1299 palmari
660 1211 769 1275 Botbii
797 1211 986 1276 coniectura
1021 1237 1061 1278 ex
1088 1229 1122 1278 et
1150 1219 1247 1279 nerei

142 1343 307 1391 mutum:
340 1323 476 1417 quando
514 1327 544 1390 N
571 1341 607 1407 et
633 1325 661 1387 H
683 1327 722 1421 ,in
751 1324 922 1391 codicibus
935 1330 1021 1429 :itam
1047 1348 1122 1395 sunt
1155 1332 1246 1395 simi-

146 1459 229 1521 eS‚
266 1460 301 1507 ut
334 1466 435 1532 saepe
464 1440 615 1533 dignosci
647 1465 786 1532 prorsus
811 1461 990 1535 nequeant„
1048 1444 1119 1510 Nee
1156 1470 1245 1511 nunc

142 1571 241 1621 auto
271 1581 365 1621 suum
400 1555 483 1620 illud
517 1580 686 1648 aequoreo
713 1558 874 1647 Neptuno
909 1559 1070 1624 Antonius
1109 1561 1244 1625 Reinius

143 1688 251 1737 neus
277 1673 427 1750 tenebit,
464 1674 595 1754 Quaest.
623 1671 728 1740 Plaut.
754 1671 919 1758 (Creleld.
947 1701 973 1738 a.
1004 1672 1112 1758 1834)
1136 1702 1169 1767 p.
1201 1675 1245 1744 16

143 1789 379 1878 tropositnnr.
407 1828 453 1840 -
488 1788 573 1852 Item
599 1790 633 1852 in
660 1792 831 1880 poeticum
859 1815 962 1881 genus
992 1792 1147 1855 convenit
1172 1794 1247 1861 v.2

142 1918 280 1982 tratas
305 1907 482 1997 gratisque
509 1902 639 1979 liabeo,
666 1904 834 1970 secundae
862 1905 932 1971 voci
956 1907 1139 1996 postposita
1165 1931 1245 1998 par-

143 2010 277 2084 lenta:
319 2019 410 2104 (nam
445 2018 564 2084 laudes
589 2037 712 2110 gratas
745 2045 823 2086 eave
852 2018 1063 2113 coniungast)
1102 2024 1244 2114 propius

143 2131 248 2198 mim
273 2135 316 2199 ita
343 2133 385 2198 ad
408 2133 509 2199 fidem
528 2133 701 2213 librorum,
728 2136 763 2197 in
790 2136 911 2226 quibus
937 2153 987 2201 est
1012 2159 1080 2226 ago
1103 2152 1137 2201 et
1158 2161 1245 2226 gra-

144 2262 197 2304 OS
232 2253 431 2343 gratiasque
464 2249 584 2328 liabeo,
611 2251 746 2315 Bothius
773 2250 912 2316 accessit
938 2277 1036 2343 quam
1065 2251 1150 2318 hanc
1170 2277 1245 2317 ver-

143 2378 206 2424 ttts
238 2365 377 2431 sormam
404 2365 640 2432 commendans
661 2365 857 2432 Goellerus:
884 2361 1011 2449 Loe'tus
1027 2366 1146 2433 lubens
1169 2368 1244 2433 lau-

143 2464 214 2539 dds
234 2488 313 2570 ag'o,
339 2485 515 2573 gratisque
532 2480 641 2546 lza'beo
659 2499 781 2572 gratas
793 2476 961 2573 flectibus
989 2483 1109 2558 salsis,
1136 2510 1243 2576 quan-

145 2609 257 2678 quam
288 2614 323 2661 et
337 2595 506 2688 fluctibus
531 2622 599 2662 non
637 2616 686 2662 est
719 2623 796 2662 sane
831 2597 939 2689 (quod
963 2597 1020 2663 ille
1053 2598 1241 2692 ignorabat)

148 2703 183 2767 lss
215 2710 380 2787 Palatinis,
407 2710 465 2776 sed
490 2737 507 2775 e
523 2709 702 2800 fluctibus.
738 2715 881 2776 Tantum
908 2731 1016 2777 antem
1037 2732 1131 2779 reete
1152 2731 1243 2778 uter-

157 2840 224 2907 que
248 2829 393 2893 sensisse
422 2826 564 2904 videtur,
591 2827 670 2891 serri
697 2851 765 2893 non
790 2851 889 2919 posse
916 2830 957 2918 ab
978 2829 1169 2896 Hermanno
1187 2855 1243 2896 re-

165 2956 291 3030 c&ptum
308 2937 424 3007 taade's
450 2966 518 3033 ago
540 2933 582 3006 ἔτ
598 2948 710 3032 gratis
729 2944 853 3033 gra'tas
876 2943 1005 3016 habeo:
1030 2970 1242 3037 nequaquam

168 3055 248 3122 enim
270 3083 343 3125 cum
362 3077 516 3149 correpto
532 3069 634 3151 'eatque
648 3058 714 3124 boc
729 3059 1001 3237 compargtdm
1030 3059 1123 3152 quod
1136 3059 1239 3127 multo

166 3185 211 3234 est
233 3172 348 3239 durius
377 3193 409 3240 et
442 3173 494 3240 vel
521 3175 642 3240 horum
676 3199 829 3239 versuum
873 3173 1025 3239 icentiam
1061 3175 1237 3241 excedens.

166 3307 206 3330 ⁵
236 3289 289 3354 Ab
318 3288 502 3354 eorundem
538 3291 749 3380 gravitates.
777 3290 799 3358 3
837 3291 997 3355 abhorret
1022 3288 1144 3355 levium
1169 3282 1239 3357 tro

161 3396 337 3470 ebreorum
370 3403 538 3469 lenissima
570 3404 784 3507 aequabilitas
819 3400 901 3496 queis
921 3400 1027 3505 penes
1054 3399 1119 3470 mei
1142 3401 1240 3497 pote'-

154 3531 246 3583 ⁸tost
282 3537 490 3611 quapropter
525 3519 724 3585 servandum
740 3523 820 3605 fttit
853 3496 1114 3641 abgHerui'auno
1142 3519 1239 3586 addi-

154 3634 232 3698 tum.
269 3632 364 3699 Idem
391 3652 500 3700 autem
527 3636 588 3700 etsi
616 3637 688 3702 sine
717 3661 829 3701 caussa
854 3632 939 3737 qitid
963 3634 1138 3703 collocavit
1164 3653 1238 3700 ante
1294 3672 1300 3683 1

155 3737 252 3815 bonis
277 3755 369 3830 meis,
396 3768 504 3816 tamen
531 3749 628 3817 facile
653 3750 785 3818 dubites
811 3766 891 3817 num
896 3751 996 3841 sorte
1021 3754 1115 3817 reete
1143 3774 1238 3816 meae

153 3857 336 3944 deleverit,
369 3891 435 3958 quo
463 3869 582 3933 omisso
612 3885 645 3932 et
670 3870 794 3958 gratior
819 3868 893 3932 fieri
918 3869 1021 3933 oratio
1045 3864 1151 3932 videri
1176 3890 1240 3958 po-

158 3995 220 4049 test
243 4007 308 4048 nec
333 4006 392 4048 suo
419 4001 558 4049 accentu
574 3984 680 4068 foret
706 3999 813 4048 car:et
846 3977 943 4047 bo'nis
970 3976 1053 4047 meis
1074 3962 1157 4074 quid
1169 3975 1237 4068 stl-

154 4112 203 4163 ret
230 4110 266 4161 et
289 4099 387 4162 vitae.
441 4095 698 4203 Incredibiliter
723 4097 811 4161 hunc
838 4078 969 4161 versum
997 4096 1133 4162 Bothius
1156 4121 1235 4197 per-

152 4212 257 4292 vertit,
283 4237 420 4304 prorsus
448 4211 599 4303 neglecta
625 4213 788 4277 bonorum
815 4210 978 4278 librorum
1007 4212 1175 4290 memoria,
1203 4210 1237 4275 in

148 4328 272 4423 quibus
298 4328 381 4417 nihil
405 4326 651 4421 discrepantiae
688 4347 823 4421 praeter
860 4326 980 4419 Quo(
967 4326 1033 4413 (vel
1063 4324 1143 4420 Qm)
1177 4349 1238 4418 pe-

996 4441 1041 4510 35

851 4624 887 4697 Φ
