2872 4942
189 319 238 390 64
531 344 566 388 tt.
592 346 634 387 nn
662 343 787 388 aurare
815 344 941 389 nutv-rt.
1061 382 1064 389 .

192 519 355 585 Catonem
367 513 496 597 Plauto,
522 520 579 609 qui
607 519 671 584 iam
684 537 759 585 ante
776 516 925 585 medium
945 494 1113 586 saeculum
1128 519 1265 587 floruisse

190 631 361 725 putandus
388 624 447 698 est.
496 633 623 700 Verum
649 636 706 726 qui
730 632 830 699 talem
853 635 888 698 iu
909 634 976 700 hoc
1002 633 1143 726 quidem
1158 659 1267 726 genere

192 746 399 839 diligentium
424 745 466 811 ab
495 769 537 812 eo
561 749 725 841 scriptore
753 764 935 839 exspectes,
962 726 1020 841 qui
1041 748 1152 815 statim
1178 750 1269 814 subii-

193 862 258 931 ciat
282 858 401 926 iisdem
425 860 630 951 temporibus
655 861 877 954 philosophos
902 863 1125 930 Athenienses
1158 861 1204 928 ad
1226 887 1271 929 sc-

191 994 306 1044 natum
331 978 366 1040 P.
392 975 429 1044 R.
451 972 580 1069 legatos
608 1001 697 1056 csse,
724 1002 809 1069 quos
837 976 1271 1071 constata.5981egatos‚

194 1116 267 1159 non
292 1113 419 1180 niagno
443 1091 765 1158 autem'interoollo
788 1107 911 1184 posteo
934 1093 1081 1159 Ennium
1107 1118 1185 1159 cum
1199 1094 1273 1161 Cae-

106 1254 109 1270 ,
195 1207 272 1275 cilio
299 1222 331 1272 et
357 1204 520 1273 Terentio
546 1206 698 1275 floruisse
724 1208 914 1277 mentiatur.

663 1368 791 1487 ’5.7.

292 1550 405 1643 Ipsam
437 1550 538 1644 igitur
569 1548 728 1617 historiae
769 1548 875 1616 fidem
908 1567 1041 1618 secutus
1070 1550 1141 1619 hoc
1166 1548 1276 1619 ordine

194 1683 339 1734 vetustos
373 1665 598 1732 Romanorum
636 1682 753 1756 poetas
791 1690 865 1732 sese
904 1667 1077 1759 excipere·
1107 1667 1306 1735 Terentius·

194 1782 315 1850 voluit:
353 1783 540 1855 Naevium,
565 1776 752 1855 Plautum,
782 1780 955 1846 Erucium:
989 1806 1092 1874 quem
1109 1824 1113 1839 =
1130 1780 1301 1851 oraim·

197 1896 297 1963 etiam
328 1895 477 1962 Isidorus
514 1894 653 1961 servavit
686 1894 780 1987 Orig.
806 1895 868 1973 IX,
895 1901 926 1975 t,
952 1900 985 1967 7.
1034 1896 1079 1963 Vt
1099 1896 1278 1987 pervertit·

198 2012 280 2077 sime
289 2011 441 2077 Ennium
454 2011 622 2076 Naevium
631 2005 808 2085 Plautum,
820 1998 899 2077 ‘hoe
914 2010 1054 2103 quidem
1068 2010 1279 2095 ordinum

198 2125 253 2191 alii
279 2143 349 2192 tum
371 2122 581 2191 Reinhardus
606 2126 642 2189 in
664 2128 805 2191 Terent.
828 2150 861 2216 p.
874 2126 962 2200 ,192
988 2123 1191 2207 collocarit‚'
1217 2124 1280 2233 ffu-

198 2243 292 2307 nium
313 2241 481 2307 Naevium
504 2238 643 2307 Bothius
668 2239 799 2332 Fragm.
828 2265 924 2321 com,
951 2241 1105 2307 Ennium
1125 2224 1279 2310 Plauto·

196 2357 358 2448 Meyerus
383 2337 532 2443 Anthela
546 2352 614 2433 lat,
642 2355 964 2446 quamvis-Ennium
989 2373 1214 2423 contestatum
1232 2356 1281 2423 ht·

197 2472 336 2537 beamus
364 2469 500 2537 omnino
517 2476 603 2534 'ante
629 2467 778 2535 medium
806 2467 976 2536 saeculum
998 2487 1152 2551 sextum,
1171 2496 1222 2537 -ne
1240 2470 1280 2537 ti·
1318 2486 1320 2505 ¹

199 2584 607 2679 disse'quidcmRomam.
640 2586 693 2652 Ne
715 2585 790 2676 quis
807 2602 919 2651 autem
938 2584 1078 2652 ulterius
1094 2584 1281 2681 progredit-
1317 2582 1320 2641 ἶ

200 2717 255 2766 tur
280 2719 314 2768 et
336 2702 412 2792 ipso
437 2699 563 2767 Naevio
593 2697 746 2766 Plautum
769 2700 918 2793 potuisse
953 2700 1114 2767 maiorem
1134 2722 1283 2769 ease-cx
1318 2734 1320 2743 ·

202 2838 242 2880 eo
267 2812 418 2906 colligat,
451 2812 545 2905 quod
577 2811 780 2907 plerumque
814 2814 894 2882 huic
925 2815 1055 2881 nomini
1083 2814 1176 2883 illud
1191 2830 1284 2911 xpott-

200 2929 348 3022 ponitur,
370 2945 406 2994 ut
431 2927 502 2995 Ciez
528 2926 571 2993 de
596 2927 738 3020 Republ.
764 2927 785 2993 l.
805 2955 850 3009 c.,
884 2927 929 2996 de
956 2948 1039 2998 orat.
1066 2925 1284 3015 lintre-tt,

202 3045 295 3110 Brut.
321 3068 348 3110 c·
374 3043 430 3121 18,
453 3038 591 3111 Tuscul.
619 3041 643 3106 Ι.
670 3048 708 3124 1,
742 3041 879 3129 (itcma
904 3044 1013 3111 Murio
1046 3022 1226 3114 Victorino
1249 3043 1285 3124 li,

201 3184 236 3251 p·
263 3153 362 3228 ‘2524
380 3160 427 3222 «Ρ.
463 3155 550 3244 (106
576 3155 714 3241 Gaiss.):
752 3157 844 3250 apud
867 3154 1029 3226 Plautum
1060 3175 1096 3224 et
1126 3162 1287 3227 Naevium

202 3289 243 3339 ct
261 3277 452 3361 Afranium
462 3270 488 3358 :)
522 3295 587 3339 uno
622 3273 724 3369 verbo
754 3298 878 3342 moneo
904 3274 1056 3342 Plautum
1079 3276 1206 3369 priore-
1220 3276 1287 3343 loco

203 3388 287 3480 poni
321 3387 456 3457 solitum
490 3413 563 3456 esse
589 3405 626 3454 ut
651 3386 900 3457 familiariorem
925 3390 1175 3483 gratioremque
1200 3390 1287 3459 Gittt·

203 3503 290 3568 roni.
342 3504 541 3596 Quanquam
574 3528 617 3568 ue
645 3520 837 3570 constanter
872 3502 1013 3597 quidem
1045 3505 1095 3571 sie
1128 3503 1219 3573 illud
1245 3504 1287 3569 in·

204 3618 326 3699 stituit,
361 3616 422 3685 sed
456 3618 588 3687 inverso
621 3617 741 3685 ordine
771 3618 934 3688 Naevium
958 3619 1183 3715 Plautumque
1207 3642 1286 3691 com·
1318 3682 1320 3689 .

204 3750 369 3800 memorat
393 3733 467 3800 Cat.
498 3734 575 3800 mai.
604 3759 634 3803 c.
664 3731 718 3802 14.
1318 3734 1320 3739 ’
