2872 4942
158 364 230 433 572
482 386 524 426 rx.
573 384 616 425 ue
645 380 936 426 suasurousrrone

258 551 313 621 Ab
338 550 447 619 anuco
470 552 630 618 alicunde
651 544 800 617 mutuum
827 545 1020 641 argentum
1047 576 1175 643 rogem.

185 672 232 741 30
254 692 339 738 uua.
366 669 483 736 Potin'
507 663 559 734 cist
583 667 626 733 ab
652 672 760 732 aniico
788 660 953 733 alicunde
977 663 1129 736 exorari
1135 668 1149 735 l
1174 686 1233 733 alr.

750 797 873 871 potest.

259 919 349 967 une.
378 892 533 975 Garrod:
572 921 616 964 ne
643 914 679 965 tu
706 895 790 963 illud
812 890 949 963 vir-bum
974 913 1140 964 actutum
1162 889 1236 962 inve*-

756 1015 869 1076 ureris:

262 1129 331 1197 Pol
353 1121 437 1199 mihi
460 1127 596 1224 puerilem
620 1126 733 1194 liercle
758 1123 830 1193 ndu
856 1143 930 1204 est,
954 1127 1054 1222 quod
1077 1127 1158 1196 dem
1179 1120 1234 1193 uui·

751 1261 855 1312 illum·

265 1381 344 1430 cAu.
370 1360 493 1427 Malim
527 1356 640 1427 be'rcle
674 1378 711 1426 ut
736 1381 862 1429 'uerum
896 1353 1044 1441 dicant,
1087 1386 1186 1458 quaro
1211 1374 1238 1427 u

759 1474 844 1541 derit
870 1468 1033 1543 mutuum.

266 1613 355 1659 areu.
382 1589 455 1660 Sed
480 1585 559 1657 vide
583 1590 780 1671 consilium,
802 1585 834 1656 si
855 1582 981 1685 placet.

223 1706 408 1777 Videamus
433 1708 533 1800 igitur
557 1731 618 1774 nos
646 1731 798 1799 quoque:
824 1724 860 1776 ut
884 1724 1045 1799 tunquam
1072 1704 1241 1774 corolla-

165 1822 222 1889 rii
246 1820 322 1890 loco
349 1848 406 1890 eos
429 1849 542 1890 versus
571 1842 604 1891 et
629 1821 845 1915 expediamus
869 1840 902 1889 et
926 1821 1169 1914 suppleamus,
1192 1821 1237 1914 qui

170 1939 233 2005 etsi
259 1965 333 2006 cum
359 1938 615 2032 interpolatione
645 1937 698 2005 vel
733 1965 813 2005 vana
846 1938 1119 2031 interpolationis
1151 1938 1241 2030 suspi-

170 2054 373 2126 cioneuullu
400 2056 568 2125 coniuncti
594 2075 679 2135 sunt,
706 2072 817 2122 tamen
844 2073 878 2123 et
900 2053 1063 2122 lacunosa
1089 2074 1124 2124 et
1148 2056 1243 2123 turba·
1279 2130 1281 2163 Ι

171 2189 205 2242 to
232 2172 374 2264 pristino
403 2170 521 2237 ordine
547 2172 595 2236 sic
624 2171 813 2264 vulgantur:

195 2289 244 2360 36
269 2289 383 2354 Homo
411 2285 625 2353 conducatur
650 2288 771 2382 aliquis
795 2293 873 2367 iam,
900 2305 1068 2383 quamam
1092 2303 1216 2381 potest,
1279 2342 1281 2355 .

274 2404 385 2497 Quasi
405 2406 451 2472 sit
473 2407 691 2498 peregrinus.
745 2426 823 2476 ceu.
862 2403 946 2499 quid
976 2408 1007 2470 is
1040 2409 1111 2472 scit
1131 2409 1245 2494 jacere

758 2521 902 2613 postea?

268 2655 358 2701 uua.
384 2633 424 2703 Is
446 2632 546 2700 bomo
571 2651 761 2704 exornetur
783 2637 948 2728 graphice
972 2641 1010 2703 iu
1033 2641 1243 2729 peregrinum

768 2751 915 2829 madum,

271 2867 407 2958 Ignota
421 2870 562 2954 facies,
584 2893 671 2961 quae
697 2892 768 2934 uon
792 2873 929 2936 uisitata
951 2872 1011 2943 sit,

200 2978 248 3051 lo
271 2982 495 3059 Falsidicum,
519 2984 759 3080 confidentem.
814 3007 890 3052 cAu.
917 2983 1000 3077 quid
1022 3000 1095 3049 tum
1118 2979 1248 3077 posted

274 3121 363 3166 une.
394 3101 503 3191 Quasi
527 3101 574 3169 ad
591 3101 844 3171 adulescentem
869 3127 891 3168 a
913 3118 1014 3194 patre
1042 3126 1089 3167 ex
1109 3102 1248 3171 Seleucia

276 3218 406 3286 Veniat
433 3242 459 3283 e.
488 3244 519 3309 q.
547 3243 572 3283 s.
670 3300 672 3304 Ι

177 3327 393 3395 Incredibilia
420 3330 525 3397 Plauti
550 3330 735 3399 editoribus
757 3331 859 3400 multu
882 3330 1101 3398 occiderunt:
1130 3324 1247 3398 sedni·

177 3445 226 3511 hil
250 3444 481 3529 incredibilius
508 3473 607 3539 quam
632 3447 716 3514 bueo
738 3450 887 3540 potuisse
905 3447 1060 3513 defendi.
1093 3440 1246 3536 Numpri-

178 3586 290 3641 mum,
329 3561 387 3652 qui
415 3560 549 3628 tandein
576 3561 696 3655 aliquis
719 3579 830 3655 potest
854 3565 897 3630 ita
925 3562 1134 3644 conduci,
1168 3558 1250 3654 qrcasi

179 3681 225 3746 sit
249 3677 480 3770 peregrinus?
530 3678 678 3759 Deinde,
706 3704 826 3745 sunone
851 3682 934 3746 ratio
959 3679 1027 3745 ulla
1047 3678 1139 3746 illius
1160 3687 1251 3771 potest

179 3795 374 3861 nominativi
400 3794 579 3886 excogitari
606 3799 730 3885 ignota
746 3795 892 3882 facies?
940 3796 1085 3875 Tertio,
1122 3810 1247 3887 quonam

182 3909 328 3998 gentium
350 3908 471 3975 referri
495 3913 695 3977 accusativos
711 3910 927 3996 falsidicum,
954 3909 1188 4002 confidentem
1210 3902 1249 3970 di-

183 4025 262 4090 eas?
296 4023 432 4116 quando
467 4025 563 4091 etiam
587 4026 614 4090 si
637 4027 771 4092 abesset
791 4051 907 4093 versus
931 4026 1002 4107 39,
1036 4025 1187 4092 inaudito
1209 4020 1248 4085 lo·

184 4137 311 4230 quendi
335 4165 462 4230 genere
480 4139 670 4226 falsidicus
697 4141 941 4234 conficiensque
977 4140 1103 4207 modus·
1139 4139 1250 4207 dicere·

184 4271 246 4320 tur.
306 4255 370 4321 Vix
405 4255 473 4321 vidi
502 4257 710 4324 tacuioribus
745 4259 829 4324 vitiis
864 4277 1047 4326 scatentem
1074 4257 1251 4326 mulionem·

184 4366 301 4460 Itaque
321 4388 455 4462 recepta
471 4370 626 4438 Saraceni
649 4372 878 4441 emendati-one
896 4379 1022 4464 ignota
1030 4377 1146 4461 facie,
1169 4388 1252 4464 quam
