2872 4942
165 334 237 406 396
578 362 633 406 vn.
656 362 701 402 nr
725 359 842 403 rutum

163 532 248 598 liaeo
279 538 456 607 earmina:
494 558 581 626 quae
617 558 689 600 nou
713 551 865 601 eostam.
912 536 1112 604 Limaces
1135 539 1245 605 'sirit

162 671 246 757 egos
271 647 383 714 dirtos
408 665 562 716 autumat
587 649 680 742 quod
703 656 866 717 atteram·
882 667 915 716 et
937 670 1193 719 consumment:
1213 671 1243 720 et

163 758 248 830 lior.-
271 762 421 857 quibus
448 769 607 856 ingens
633 769 677 831 in
703 769 844 833 animo
871 764 1014 834 nobili
1040 767 1244 836 modicum

162 881 261 943 sine
288 882 584 949 vernulitate:
612 898 646 948 et
671 881 736 948 lroe
756 888 1096 974 praenestinum
1120 890 1245 979 opino

163 1016 260 1063 osse
284 1000 351 1061 ita
375 1015 474 1063 erat
498 998 702 1089 gulosus:
727 998 813 1065 liaeo
837 997 1106 1066 omnia'desunt
1127 1004 1168 1067 in
1188 1006 1244 1069 tri·

163 1113 207 1177 tis
235 1111 493 1203 exemplaribus.
556 1115 709 1207 Apparet
751 1117 1046 1183 vetustissimorum
1084 1114 1245 1185 editorum

163 1228 357 1294 sententium
382 1229 470 1297 hane
495 1229 605 1309 luisse,
631 1247 668 1297 ut
691 1229 796 1297 ferme
822 1229 996 1297 dimidiu
1018 1248 1154 1324 pur-tem
1170 1234 1245 1299 Bue-

163 1342 298 1409 elridum
321 1342 441 1411 deesse
466 1346 706 1425 existimarent,
733 1365 767 1413 et
790 1348 831 1413 ab
852 1347 946 1415 initio
961 1345 1103 1441 quidem
1116 1364 1155 1415 ut
1170 1360 1245 1443 puto

161 1457 292 1525 lebulse
319 1458 457 1541 deesse,
496 1460 774 1554 quandoquidem
799 1461 850 1532 vel
879 1464 1122 1556 Argumentum
1146 1464 1244 1533 verri-

161 1576 223 1641 bus
256 1569 446 1657 astrictum,
487 1602 555 1670 quo
584 1577 790 1671 reliquarum
819 1576 911 1644 nullu
935 1575 1125 1647 tubulorum
1150 1594 1243 1658 erret,

163 1689 413 1759 desideraretur
437 1693 625 1785 oportebat
675 1693 748 1761 Neo
770 1691 967 1785 discrepans¹
991 1694 1042 1759 Pii
1075 1693 1139 1761 fuit
1161 1691 1243 1761 iudi-

162 1807 258 1877 cium.
312 1807 377 1890 Qui
410 1808 471 1873 etsi
505 1808 656 1901 ambigue
694 1810 857 1876 sententie
886 1805 1094 1877 dimidiatam
1127 1832 1242 1877 vostro

163 1919 308 1990 fabulam
334 1921 443 1991 videri
467 1940 594 2015 potest:
622 1943 730 1989 temen
757 1948 798 1989 ex
822 1924 873 2004 iis,
902 1948 986 2017 quae
1012 1920 1099 1989 insr'i
1118 1917 1180 2006 Sd
1201 1900 1248 1989 as?

162 2038 329 2120 ferentur,
354 2038 549 2131 intelligitur
573 2064 641 2106 nou
667 2039 731 2107 ulio
757 2039 793 2104 in
820 2037 896 2106 loeo
921 2040 986 2106 nisi
1005 2039 1047 2104 ab
1066 2039 1163 2109 initio
1178 2063 1243 2105 mu·

164 2155 254 2221 tilam
279 2155 435 2221 babuisse
463 2154 559 2222 etad
584 2156 671 2222 hanc
695 2174 826 2248 partem
846 2153 1056 2247 deperditum
1076 2178 1191 2223 versus
1204 2153 1240 2219 ah

162 2271 273 2341 Nonio
300 2291 446 2339 servatos
472 2270 647 2338 rettulisse.
674 2271 742 2341 Sed
769 2272 972 2339 Serncenum
997 2294 1067 2338 non
1091 2272 1173 2337 item
1198 2282 1241 2335 est

163 2389 356 2478 ambiguum
382 2386 588 2480 aliquantum
615 2385 782 2453 diversam
807 2386 842 2451 in
868 2385 1065 2457 sententium
1092 2382 1241 2453 dimitiis·

164 2522 218 2572 tus
242 2530 360 2574 vocem
385 2505 639 2595 interpretatum
667 2527 749 2569 esse.
775 2503 806 2568 Is
834 2503 921 2568 enim
948 2527 1023 2569 cum
1047 2501 1241 2594 principium

162 2620 294 2690 fabulae
320 2618 511 2700 desiderat,
551 2619 736 2711 significare
770 2617 875 2685 solum
900 2634 1132 2712 argumentum
1155 2614 1245 2683 vides

163 2755 236 2824 tur3
263 2762 338 2806 cum
363 2754 475 2804 autem
503 2736 602 2804 etiam
627 2714 698 2801 eliis
725 2734 760 2798 in
785 2733 868 2801 locis
894 2733 1069 2835 plerisque
1097 2728 1240 2799 dimidiu-

163 2870 229 2918 tam
255 2850 380 2919 iudicat
401 2867 438 2919 ut
462 2849 612 2942 reliques
638 2849 897 2940 subsequentes,
925 2845 969 2914 de
988 2848 1142 2913 universa
1168 2869 1238 2912 con-

165 2968 298 3036 dicione
324 2968 444 3067 cogitet
469 2967 695 3058 posteriorum
723 2965 788 3028 XII
822 2962 1091 3041 comoediarum,
1129 2981 1240 3051 easque

162 3087 198 3150 in
224 3076 406 3183 codioip'd'sf
417 3074 521 3189 {seius
546 3080 674 3148 habitas
698 3080 881 3172 magisque¹
896 3104 994 3172 quem
1022 3080 1154 3170 priores
1174 3086 1237 3142 octo

164 3226 238 3268 esse
275 3198 478 3270 mutilas³et
502 3213 667 3264 truncatas
693 3196 896 3288 significavit.
947 3192 1079 3263 Eodem
1115 3211 1240 3285 prorsus

162 3315 266 3383 modo
301 3315 344 3382 de
380 3315 485 3381 Plauti
512 3311 649 3400 fabulis
674 3309 867 3378 dimidiatis
889 3314 954 3378 iam
976 3309 1011 3373 in
1035 3308 1114 3376 edit.
1141 3306 1237 3401 princ.

163 3431 272 3525 praei.
300 3428 432 3499 Merula
457 3431 587 3498 locutus
613 3444 693 3494 erat.
745 3429 851 3509 Quem
876 3424 1074 3492 dimidiatus
1097 3417 1239 3507 vpoabuli

162 3548 400 3641 significatum,
426 3564 463 3611 ut
487 3547 529 3612 sit
554 3540 751 3634 simpliciter
776 3540 927 3618 ivistis,
951 3557 1085 3614 sectus,
1122 3540 1183 3606 etsi
1206 3557 1239 3601 ex

162 3660 372 3729 Tertulliano
398 3661 531 3728 firmare
557 3657 860 3750 velleflucangius
887 3655 1019 3722 videtur
1036 3654 1148 3722 Gloss.
1164 3648 1239 3719 med
1276 3722 1278 3729 ,

161 3796 196 3845 et
220 3777 277 3844 inf.
302 3775 357 3845 lat.
384 3777 435 3857 II,
461 3801 494 3868 p.
524 3771 634 3858 1506,
664 3790 773 3838 tamen
799 3774 835 3837 in
859 3770 925 3838 illis
952 3770 1092 3865 quidem
1120 3769 1239 3840 duobus

164 3890 334 3984 exemplis,
359 3916 444 3985 quae
471 3907 547 3956 sunt
573 3888 615 3953 de
644 3911 744 3954 cerne
771 3880 896 3955 Christi
921 3910 951 3956 o.
977 3887 999 3954 5
1029 3883 1132 3980 (quid
1154 3881 1241 3952 dimi·

165 4003 240 4070 dias
265 4006 442 4071 mendacio
470 4001 682 4083 Cleristumi’)
710 4022 743 4069 et
767 4002 839 4069 adv.
865 4003 970 4072 Marc.
986 4003 1011 4082 I,
1030 3999 1119 4072 estid
1144 3995 1239 4092 (uodo

165 4117 248 4183 lraee
276 4119 468 4187 dimidiatio
505 4115 667 4197 salatiel)
704 4116 746 4183 de
776 4116 989 4208 bipartita
1021 4135 1091 4184 tum
1126 4109 1238 4183 Christi

163 4249 278 4297 natura
311 4254 378 4301 tum
413 4235 524 4302 salutis
561 4231 757 4301 condieIoue
796 4233 910 4325 agitur.
964 4235 1102 4297 Prorsus
1141 4246 1237 4299 autem

166 4343 328 4450 singulare
357 4365 414 4426 est,
442 4346 545 4440 quod.
560 4351 628 4413 eius
657 4345 789 4438 prologi
815 4363 939 4422 auctor,
966 4342 1009 4413 ad
1035 4371 1137 4438 quem
1161 4340 1237 4410 iudi·
