2872 4942
506 363 623 409 rcavri
640 365 920 412 ‚tarnuanermvs
1179 347 1251 419 365

159 535 349 632 glossarum
374 534 610 619 plautinarum,
636 538 794 606 Plautinis
820 542 972 609 versibus
994 539 1025 628 *)
1057 567 1075 606 a
1100 543 1255 612 Varrone

166 651 341 718 subiectae
367 648 412 718 de
437 650 517 745 ling.
532 650 588 723 lat.
603 653 680 734 Vll,
703 652 761 722 50:
788 651 846 722 65.
870 653 928 726 67.
952 657 1009 726 70.
1037 655 1255 727 79.106ed.

162 765 284 835 Muell.
327 765 407 866 *secl
431 793 472 834 ex
498 792 537 836 eo
560 788 670 837 tamen
695 768 799 851 illud,
833 770 926 864 quod
952 774 1097 865 Meyero'
1119 771 1256 863 placuit,

163 882 219 950 vix
247 882 378 964 efficias,
401 908 471 950 non
495 885 599 977 prisci
612 887 776 959 sermonis
790 888 948 967 universi,
969 884 1029 954 sed
1044 883 1256 952 soliusPlau·

162 997 226 1066 tini
253 998 481 1091 antiquitatem
500 998 643 1093 lloquor
667 1026 742 1070 cum
764 1002 892 1084 Santra,
919 1003 977 1095 qui
1004 1000 1047 1067 de
1075 999 1253 1069 verborum

163 1118 375 1208 antiquitate
396 1112 543 1208 scripsit)
576 1115 684 1183 videri
706 1117 857 1211 Opilium
882 1113 994 1184 dedita
1020 1141 1122 1208 opera
1147 1115 1256 1209 expli-

165 1253 271 1297 casse.
308 1229 401 1296 Nam'
420 1257 495 1299 cum
517 1230 608 1324 apud
629 1233 765 1299 Festum
788 1256 857 1300 uon
882 1233 1079 1324 infrequens
1105 1232 1147 1298 sit
1168 1233 1255 1298 cius-

165 1343 250 1411 dem
275 1343 381 1438 Opilii
405 1349 577 1425 memoria,
604 1364 715 1414 tamen
736 1348 785 1414 ibi
811 1345 950 1441 quidem
972 1363 1025 1412 ter
1046 1362 1171 1412 tantum
1185 1348 1255 1412 cius

163 1484 292 1528 nomen
331 1485 406 1528 cum
430 1460 658 1530 Plautinorum
691 1464 861 1530 mentione
890 1454 1123 1556 exemplorum
1149 1463 1256 1530 socia-

165 1595 238 1649 tum
257 1580 439 1672 reperitur,
472 1604 547 1648 roc.
573 1581 716 1672 Vulgus,
741 1582 927 1656 Nauteam,
956 1581 1165 1672 Querqueru.
1213 1581 1256 1646 Et

166 1718 206 1762 ea
228 1694 388 1788 quidem,
429 1720 514 1789 quae
543 1722 575 1767 v.
598 1698 771 1764 Nauteam
803 1696 984 1764 afferuntur
1007 1697 1171 1789 imprimis
1198 1719 1256 1761 co-

162 1811 270 1904 piosa,
297 1811 463 1879 eiusmodi
487 1830 584 1894 sunt,
620 1831 658 1880 ut
689 1812 789 1880 facile
816 1816 947 1908 possint
971 1837 1011 1879 ex
1036 1811 1142 1906 Opilii
1166 1810 1255 1879 libro

164 1926 278 2015 emnia
302 1926 517 2019 transscripta
543 1952 627 1994 csse.
654 1925 726 1995 Sed
752 1953 795 1995 ne
821 1928 869 1996 sic
895 1925 1035 2021 quidem
1052 1926 1142 1993 aliud
1160 1927 1255 2021 quic·

167 2054 271 2134 quam
296 2040 377 2108 inde
402 2043 629 2137 consequitur,
652 2045 716 2110 nisi
730 2044 806 2124 hcc,
831 2042 998 2109 Plautinas
1013 2042 1140 2109 subulas
1156 2068 1256 2135 prae·

165 2159 300 2251 cipuam
315 2157 429 2250 Opilio
444 2161 617 2226 materiam
630 2159 894 2254 glossographici
917 2160 1028 2252 operis
1049 2160 1255 2253 praebuisse
1305 2169 1308 2177 '

164 2270 207 2339 Id
244 2291 355 2339 autem
385 2275 496 2369 ipsum
529 2298 599 2342 non
632 2294 681 2342 est
705 2294 772 2343 tam
793 2273 979 2403 singulare,
1009 2291 1134 2340 utnon
1159 2273 1256 2342 cadat

164 2387 248 2456 vel
237 2414 273 2454 tn
292 2413 406 2457 eorum
422 2389 588 2488 quosdam
601 2362 900 2485 grammaticorum,
919 2411 1060 2480 quorum
1076 2412 1180 2481 opera
1200 2414 1256 2454 ae·
1349 2478 1352 2486 1

166 2521 270 2572 tatem
297 2503 414 2586 tulit,'
405 2530 440 2570 111
462 2506 601 2572 Festum
627 2506 662 2571 h.
690 2530 719 2572 c.
746 2506 903 2572 Verrium
916 2502 1086 2582 Flaccum,
1099 2504 1255 2582 Nonium,
1301 2591 1306 2601 '

166 2621 209 2688 (ἶ.-
232 2618 355 2687 Iulium
381 2621 574 2688 Romanum.
600 2622 699 2688 Hunc
725 2622 812 2687 enim
835 2621 1015 2687 certissima
1041 2621 1093 2688 via
1116 2620 1260 2688 demon-'

166 2738 266 2803 strari
290 2755 402 2831 potest
426 2763 544 2806 verum
571 2731 740 2804 auctorem
766 2725 836 2803 csse
864 2760 991 2815 eorum,
1032 2761 1254 2830 quaeeunque

167 2876 237 2921 non
260 2850 303 2919 de
328 2854 424 2920 trivio
450 2854 564 2945 petita,
588 2852 650 2919 sed
674 2851 798 2918 utiliter
824 2868 1003 2944 praecepta
1031 2870 1065 2918 ct
1084 2877 1160 2918 cum
1179 2878 1256 2930 ern-

165 2966 295 3036 ditione
323 2968 470 3062 eaposita
495 2969 530 3033 in
549 2963 692 3036 Charisii
706 2966 970 3034 institutionibus
994 2984 1135 3035 castam:
1163 2967 1255 3061 quod
1325 3026 1329 3034 ,

167 3083 307 3178 qudem
342 3087 504 3177 imprimis
540 3084 651 3152 valere
685 3083 728 3150 de
754 3083 854 3176 longe
877 3083 1017 3149 maxima
1039 3101 1135 3178 parte
1162 3085 1255 3150 testi-

163 3202 355 3268 moniorum
384 3226 403 3266 e
429 3193 544 3269 Plauto
581 3217 788 3293 sumptorum
816 3216 850 3264 et
872 3223 933 3265 nos
960 3196 1100 3292 diligens
1127 3198 1255 3292 disqui-

165 3316 241 3384 sitio
269 3316 393 3397 docuit,
420 3335 453 3384 et
475 3319 704 3410 unusquisque
731 3339 794 3408 pro
817 3332 851 3381 se
877 3315 951 3408 ipse
978 3332 1167 3406 cognoscet,
1194 3317 1252 3409 qui

164 3429 312 3526 aliquam
336 3429 543 3526 pellegendu
572 3433 724 3499 Charisio
748 3454 886 3523 operam
912 3431 1046 3496 navarit.
1071 3427 1118 3515 **)

235 3548 397 3645 ¹*liudem
423 3550 494 3617 iere
534 3575 619 3644 quae
658 3548 763 3642 Opilii
794 3546 1053 3616 1·atioSei·rii
1080 3546 1254 3616 Claudii

164 3685 227 3748 cst,
254 3690 355 3759 quem
381 3667 462 3734 item
487 3667 665 3745 intereos,
693 3667 750 3758 qui
776 3662 907 3728 indices
922 3661 1129 3750 fabularum
1148 3662 1252 3730 Plau-

164 3786 318 3850 tinurum
342 3781 535 3862 ediderunt,
572 3780 702 3848 Gellius
733 3781 803 3860 ΙΙΙ,
828 3781 851 3846 3
879 3797 1137 3857 commemorat,
1172 3777 1253 3842 insta

164 3922 266 3991 gnum
290 3897 444 3965 habuisse
470 3898 548 3963 artis
573 3894 773 3990 linguaeque
789 3893 957 3960 Plautinae
976 3890 1252 3960 consuetudinem

212 4208 242 4272 'J
264 4203 309 4255 ilis
330 4204 488 4256 conicienda
509 4211 568 4256 sunt
588 4218 654 4274 quae
673 4201 876 4270 supradiximus
896 4215 922 4268 p.
939 4197 992 4250 242
1011 4211 1051 4263 sq.
1072 4201 1099 4245 ct
1117 4209 1142 4260 p.
1156 4191 1214 4246 180.

194 4296 239 4362 ’Ἴ
269 4292 333 4344 Vide
353 4300 412 4361 pust
436 4292 590 4344 Facundium
614 4291 676 4342 Lex.
696 4290 740 4349 lat,
761 4288 843 4358 prael.
866 4303 892 4354 p.
914 4283 1165 4347 uxxltl,‚simititer
1182 4280 1251 4332 iudi-

266 4388 368 4451 cantem
385 4380 516 4436 osannam
533 4379 649 4447 symbol.
672 4378 705 4444 ll,
725 4394 751 4445 p.
768 4374 822 4430 324
840 4373 1024 4443 equinarias
1043 4386 1070 4437 p.
1089 4369 1151 4426 327.
