2872 4942
259 336 512 417 nosrstttnite
542 366 735 417 rtavrtuta.
969 300 1040 420 dd?

347 653 552 744 Caput
602 653 645 719 ΙΙ.
696 610 713 708 Ι·

373 820 430 882 De
456 817 633 884 lacunis.

446 982 474 1070 ς.
514 989 567 1050 ι..

145 1163 198 1203 um
227 1136 271 1203 de
299 1163 376 1204 vero
405 1163 578 1204 scenarum
614 1158 704 1206 aetus
741 1141 829 1207 tertii
863 1142 1041 1233 quartique

143 1279 213 1320 rem
241 1255 453 1335 Ambrosia'ni
467 1256 661 1322 auctoritate
688 1280 825 1348 prorsus
843 1255 1039 1322 confirmare

143 1368 319 1463 tegendum
346 1388 395 1436 est
421 1369 464 1436 ad
490 1370 638 1463 reliquas
665 1370 805 1438 schedas
826 1370 974 1438 eiusdem
998 1371 1040 1437 li-

143 1487 221 1552 stins
251 1485 478 1564 excutiendas,
505 1488 572 1552 sive
597 1512 650 1552 eas
671 1489 866 1579 superstites
890 1488 958 1552 sive
978 1486 1040 1552 de-

143 1601 275 1696 quando
302 1604 364 1668 hae
392 1625 528 1695 quoque
557 1600 639 1693 quid
667 1601 746 1669 olim
774 1558 1037 1670 continuerinie

143 1744 168 1782 nt
196 1721 444 1810 comparatione
463 1717 671 1810 intelligitur,
697 1737 876 1812 postquam
902 1744 1038 1812 magna·
1136 1741 1141 1750 ·

143 1860 195 1899 um
227 1836 399 1901 turbarum
431 1835 611 1901 immunem
642 1834 742 1901 fuisse
774 1836 1035 1901 Ambrosianum

143 2083 151 2130 t
177 2066 217 2130 ab
244 2064 283 2130 iis
311 2064 490 2144 ordiamur,
509 2090 595 2158 quae
623 2066 820 2157 superstites
847 2084 934 2145 sunt,
962 2090 1038 2157 gra-

143 2207 154 2244 t
181 2181 373 2246 lacunarum
399 2182 524 2247 indicio
550 2180 628 2247 illae
653 2199 746 2261 snut,
774 2206 855 2273 quas
882 2185 918 2248 M
947 2200 980 2247 et
1007 2182 1037 2265 Q

144 2297 302 2361 nevimus.
357 2294 450 2361 Illius
478 2296 567 2361 enim
593 2296 712 2389 pagina
726 2295 831 2363 altera
849 2292 950 2383 (448)
979 2321 1036 2362 sex

154 2412 227 2503 ipso
253 2413 347 2478 initio
375 2437 488 2477 versus
514 2413 604 2478 inter
635 2436 715 2492 eos,
755 2413 813 2505 qui
846 2436 936 2477 nune
960 2430 1037 2478 sunt

170 2526 282 2612 (Heus
308 2551 386 2602 vos,
405 2515 519 2620 paeri)
549 2545 583 2594 et
608 2531 651 2598 31
690 2526 795 2616 (Erus
819 2527 874 2592 Itis
900 2524 1032 2612 noster)

143 2627 176 2708 ts.
241 2645 390 2727 Quorum
422 2669 578 2710 versuum
609 2667 720 2736 prope
756 2641 895 2710 evanida
933 2645 1034 2710 vesti-

143 2761 281 2824 tmhrem
309 2758 475 2852 quandam
503 2759 686 2826 litterarum
712 2759 909 2839 referentia,
934 2759 1035 2826 litlto-
1127 2784 1128 2789 ’

143 2899 193 2939 era
220 2876 464 2966 repraesentari
491 2876 526 2940 in
556 2874 683 2940 adiecta
710 2875 787 2942 huic
820 2878 959 2970 paginae
986 2874 1034 2942 ti-

193 2992 219 3054 Ε
247 2992 367 3083 quibus
395 2992 422 3056 si
451 2992 595 3057 extiterit
628 2993 697 3084 qui.
711 2990 844 3085 voculas
870 2993 1033 3084 probabi-

143 3126 202 3186 :et,
236 3104 389 3172 laetabor
413 3105 649 3199 laudaboque3
686 3104 844 3200 equidem
871 3109 1031 3199 ab‘stipe0,

145 3224 269 3315 magis,
294 3220 387 3314 quod
413 3220 456 3311 ad
481 3234 672 3289 sermonum
698 3222 922 3315 integritatem
950 3248 1031 3290 con-

143 3365 209 3431 que
236 3338 319 3403 nihil
348 3337 763 3431 quicquamdesideratur.
797 3339 916 3432 Itaque
936 3342 1030 3451 ioqos

143 3473 167 3520 et
193 3455 323 3520 facetias
339 3449 561 3545 'interpositas
588 3455 803 3547 fuisseputo,
831 3450 952 3548 quibui
970 3454 1031 3522 aii-

167 3569 421 3662 Theuropidem
450 3570 572 3636 servoli
596 3569 743 3658 ludibrio
769 3571 944 3652 haherent,
968 3573 1030 3668 sed

155 3704 188 3751 ut
213 3685 598 3778 petulantiorPhanisco
627 3711 805 3753 conservus
821 3704 916 3765 esset,
944 3711 1029 3780 quo-

143 3802 182 3868 tto
210 3828 312 3867 senex
336 3797 417 3869 vot
445 3812 525 3866 nam
551 3818 585 3866 te
611 3803 654 3867 ait
680 3826 752 3867 esse
779 3799 932 3868 arbitror
945 3827 1028 3894 pae-

143 3943 191 3987 tm.
243 3919 339 4008 Ergo,
357 3942 430 3982 enm
455 3920 626 4008 quaerenti
654 3917 744 3981 seni:

151 4058 221 4108 vos,
243 4037 352 4125 paeri,
378 4030 461 4122 quid
478 4036 554 4096 istic
573 4033 704 4122 agitis?
728 4034 811 4127 qaid
822 4040 906 4101 istas
931 4033 1028 4098 aedis

424 4149 627 4238 frangitis?

143 4261 196 4329 ale
228 4263 386 4355 quiddam
420 4262 690 4356 respondissent:
726 4264 809 4358 quid
833 4265 871 4331 id
895 4264 943 4330 ad
968 4265 1027 4331 te?

143 4403 228 4462 tara,
262 4403 334 4445 non
360 4380 514 4456 alienas,
545 4397 586 4448 -et
612 4405 696 4472 quae
725 4382 863 4474 cogitari
887 4365 1033 4474 possunt
