2872 4942
476 384 641 427 rnutvrtut
667 381 861 428 autvrtnte.
1145 360 1216 430 536

143 551 198 631 iat,
225 566 259 616 et
283 549 405 618 linitius
430 551 578 644 quidem,
605 554 784 620 Lesbonici
808 577 960 625 sororem
987 551 1114 643 ducere
1144 576 1219 620 eura
1262 642 1267 648 .

143 667 265 758 i'e'oepti
289 667 360 759 agri
387 684 420 733 et
445 667 649 760 pessumdati
675 671 771 737 amici
789 668 1000 747 contumelia,
1026 668 1058 733 h.
1072 692 1100 734 e.
1125 692 1217 734 sane:

143 786 167 848 si
188 780 251 847 abs
276 798 311 848 te
337 807 460 873 agrum
486 789 682 876 occeperim.
736 824 786 840 -
831 782 958 868 Quodsi
984 785 1037 850 oui
1064 801 1130 850 tota
1155 784 1219 848 hae

143 898 388 965 ratiocinatione
415 916 526 965 nostra
552 898 701 966 nondum
728 899 928 968 satisfactum
949 900 1010 977 si't,
1029 924 1122 975 stunc
1148 924 1219 965 rem

143 1016 238 1106 longe
265 1013 485 1106 gravissimam
514 1015 669 1107 accipiat,
697 1018 788 1083 cuius
815 1012 890 1083 cuin
915 1013 1005 1079 nulla
1024 1012 1120 1107 *apud
1148 1012 1221 1078 edi-

143 1153 227 1196 'oros
254 1131 378 1196 mentio
403 1129 482 1210 fiat,
508 1131 555 1196 vis
582 1146 690 1197 tamen
718 1151 805 1198 tanta
828 1148 897 1211 est,
932 1147 968 1198 ut
994 1130 1221 1197 controversia

143 1251 245 1318 tmais
279 1265 395 1316 nostro
430 1248 570 1342 quidem
594 1249 720 1317 iudicio
751 1273 888 1343 prorsus
916 1247 1101 1316 dirimatur.
1151 1247 1221 1313 Ne-

143 1391 205 1460 que
229 1365 319 1432 euim
345 1362 388 1431 ad
414 1363 489 1430 illos
512 1382 652 1446 tautum,
677 1364 719 1431 de
743 1366 864 1458 quibus
890 1365 1027 1455 egimus,
1055 1380 1124 1428 tres
1150 1385 1222 1426 ver·

143 1505 191 1546 rus
217 1479 346 1546 iteratio
372 1480 530 1572 pertinet,
557 1478 617 1545 sed
645 1479 688 1545 ad
714 1503 772 1546 eos
796 1502 943 1572 quoque,
971 1479 1029 1571 qui
1056 1473 1220 1544 cumillis

143 1597 255 1689 oriore
273 1596 308 1660 in
329 1592 406 1661 loeo
431 1595 599 1662 coniuncti
626 1612 736 1662 extant
760 1592 817 1662 60.
842 1594 898 1664 61.
926 1593 984 1662 62.
1012 1591 1068 1661 63.
1089 1591 1146 1662 64
1174 1588 1221 1658 65

143 1711 273 1798 [Tanto
297 1709 431 1776 meliust
465 1757 612 1777 .....
651 1736 758 1804 usque
785 1709 828 1776 ad
854 1709 913 1778 Str
937 1714 1012 1776 sine
1038 1707 1119 1773 dote
1145 1757 1152 1772 .
1178 1752 1186 1771 .
1213 1755 1221 1771 .

168 1824 213 1913 .),
246 1826 368 1920 partim
392 1825 546 1920 Lysiteli,
572 1827 694 1922 partim
720 1827 910 1893 Lesbonico
934 1827 1048 1893 tributi
1070 1853 1088 1890 a
1113 1842 1223 1917 poeta.

143 1942 230 2026 Quos
258 1965 315 2008 sex
349 1967 465 2008 versus
497 1959 530 2007 et
561 1967 620 2010 suo
653 1940 730 2011 loco
763 1943 891 2035 positos
925 1961 957 2010 et
983 1959 1058 2034 post
1093 1940 1224 2008 Stasimi

143 2082 272 2129 tersum
297 2059 345 2126 82
373 2055 468 2143 (Non
494 2061 585 2125 enim
607 2083 775 2149 pessum.
803 2107 812 2124 .
839 2057 890 2142 ..)
915 2058 1079 2150 repetitos
1107 2056 1225 2148 optimi

143 2173 428 2267 tntiquissimique
455 2172 536 2238 libri
562 2174 743 2254 exhibent,
770 2174 951 2240 Camerarii
979 2192 1121 2266 uterque
1148 2197 1224 2238 cum

143 2289 327 2358 Vrsiniano.
388 2287 488 2355 Vnde
523 2288 807 2356 evidentissimum
843 2314 916 2355 esse
948 2305 1122 2380 putamus,
1160 2310 1225 2351 uua

143 2402 328 2497 eademque
352 2406 607 2497 perturbatione
634 2430 754 2472 novem
772 2430 886 2472 versus
910 2404 1084 2471 continuos
1101 2401 1163 2490 (60
1182 2401 1226 2468 ad

143 2517 204 2606 58)
232 2518 304 2586 solo
327 2545 405 2586 casu
431 2519 716 2614 librariorumque
744 2521 871 2588 incuria
890 2545 1070 2612 perperam
1087 2521 1224 2611 iteratos

143 2659 226 2716 esse,
253 2660 443 2727 quenquam
468 2634 601 2701 duobus
627 2635 710 2703 locis
738 2634 939 2729 dispertitos.
992 2622 1097 2737 Q'u'oiL
1116 2634 1254 2741 ipsum,

143 2751 268 2817 erroris
295 2775 399 2842 genus
423 2775 491 2817 uon
508 2751 654 2843 singulis,
682 2748 746 2818 sed
765 2750 861 2817 denis
883 2737 1020 2816 aliarum
1040 2746 1228 2816 fabdlatum

143 2864 308 2958 exemplis
327 2884 586 2959 commonstrare
613 2864 701 2932 lieet.
741 2868 827 2933 Nam
848 2863 940 2958 quod
958 2891 1018 2932 sex
1039 2862 1091 2931 illi
1112 2888 1228 2931 versus

144 2981 275 3072 priores
302 2981 375 3075 (qui
401 2979 505 3048 altero
531 2979 610 3047 loeo
632 2982 839 3061 posteriores
865 2979 955 3066 sunt)
988 2983 1024 3046 in
1058 2980 1227 3073 lipsiensi

149 3095 260 3165 oodice
285 3115 318 3163 et
348 3094 495 3163 editione
530 3096 687 3189 principe
712 3121 781 3164 non
806 3098 894 3164 item
914 3099 1006 3164 stt-in
1031 3096 1228 3189 antiquiori-

152 3206 207 3278 bus
232 3210 347 3290 libris,
375 3230 409 3280 et
433 3231 469 3280 ut
490 3210 616 3305 reliqui
642 3230 729 3293 tres,
766 3213 950 3293 iterantur,
976 3211 1013 3279 id
1036 3211 1229 3280 facillimum

156 3326 345 3419 explicatum
370 3328 471 3394 habet
500 3346 533 3395 et
557 3346 705 3394 nostram
735 3330 932 3396 sententiam
968 3328 1142 3409 effitiirmat
1167 3350 1230 3421 po-

154 3434 210 3508 tius
233 3469 334 3545 quatu
360 3430 519 3509 debilitat.
577 3444 710 3510 Etenim
735 3446 789 3512 isti
817 3444 958 3538 quidem
982 3468 1097 3512 versus
1122 3461 1155 3510 et
1178 3466 1229 3521 eo,

146 3570 224 3651 quo·
238 3560 347 3627 iterati
371 3557 589 3651 legebantur,
627 3577 660 3626 et
686 3563 803 3653 quovis
828 3560 898 3628 alio
920 3560 1000 3628 loco
1020 3586 1091 3627 non
1110 3577 1228 3652 potus-

143 3680 225 3751 tune
246 3700 316 3743 non
340 3693 405 3742 taur
432 3675 569 3742 absurdi
594 3677 772 3769 insanique
798 3677 915 3758 videri,
943 3697 977 3744 ut
999 3702 1067 3744 uon
1084 3675 1137 3743 vel
1152 3676 1228 3741 tta

143 3779 221 3855 'tila
247 3809 281 3859 et
306 3791 408 3858 Italus
433 3790 491 3858 ille
524 3793 761 3884 interpolator,
801 3796 855 3860 eui
884 3795 1068 3886 Lipsiensis
1102 3790 1228 3858 codicis

143 3908 300 3974 flcensio
329 3907 533 3987 debetur,
507 3934 578 3974 sane
605 3907 672 3973 ulla
699 3907 906 3976 dubitatione
928 3934 986 3976 eos
1002 3907 1229 4002 expellerent,

143 4025 295 4090 uamvts
321 4026 457 4091 servati-s
481 4025 585 4089 tribus
619 4022 686 4090 illis
708 4023 849 4115 qtterts,
888 4026 949 4118 qui
980 4024 1096 4119 aliquo
1126 4022 1230 4091 modo

143 4116 342 4206 *levabiles
367 4139 477 4206 videri
504 4157 670 4232 poteraut.
714 4138 782 4208 Sed
808 4157 1026 4234 utrorumque
1050 4159 1087 4206 ut
1113 4138 1231 4209 abradi-

143 4254 196 4304 ¹0
232 4272 263 4321 et
288 4256 392 4349 origo,
419 4256 464 4320 ite
481 4255 667 4321 necessario
691 4278 875 4327 eommunis
888 4256 1150 4325 caedentium,
1161 4242 1232 4363 iffae

143 4368 342 4465 uunquam
367 4370 481 4464 fugere
507 4390 637 4465 potest,
664 4396 764 4467 quam
790 4397 932 4461 nervose
956 4373 1020 4442 hoc
1042 4368 1143 4442 udrsu
1165 4376 1233 4469 Ly-
