2872 4942
160 313 233 387 456
372 341 441 387 rut.
467 341 509 383 nn
537 339 684 385 rvnna‘ro
713 342 882 385 scertavn
903 344 1028 388 onutns

160 514 299 607 mulque
325 515 405 580 salsa
431 540 491 606 spe
520 514 738 581 exhilaratum
766 515 928 583 danistam
954 517 1084 585 facilius
1109 518 1180 585 ltine
1198 543 1229 582 se

160 652 349 699 amoturum
383 649 506 723 sperat.
567 634 644 700 Nun
678 634 786 698 minus
823 652 932 699 autem
969 635 1233 709 commodcille,

161 777 260 843 quern
288 773 504 839 recuperasse
533 748 700 826 videmur,
728 775 840 815 versus
864 751 1230 843 aTrauionisrespouso

162 865 343 950 (Molestus
369 888 413 927 ne
437 863 498 944 sis)
527 865 703 955 excipitur,
730 891 828 956 quarn
855 867 888 929 iu
918 892 956 931 ea
983 869 1139 933 convenit
1163 891 1227 959 qrtac

159 979 381 1075 praecedunt.
450 980 543 1061 Quae
580 1006 653 1046 cum
688 979 787 1045 valde
814 979 972 1049 lacunosa
997 982 1033 1047 in
1056 982 1151 1049 libris
1174 1006 1230 1048 mss.

161 1113 303 1173 exstent,
326 1096 488 1186 imprimis
515 1093 702 1160 dolendum
729 1112 777 1160 est
803 1094 1018 1163 liuiustotum
1044 1098 1173 1163 initium
1189 1123 1231 1189 pa·

161 1214 257 1306 ginae
290 1213 326 1276 in
351 1211 574 1302 Ambrosianp
607 1209 725 1277 codice
759 1235 899 1302 prorsus
937 1212 1120 1279 evanuisse.
1178 1207 1229 1278 Set

161 1327 406 1420 qualiacunque
433 1326 545 1404 suere,
576 1352 663 1418 quac
695 1327 741 1391 ibi
770 1327 1009 1393 vetustissimae
1036 1329 1230 1394 membranae

161 1444 355 1535 consignata
377 1459 579 1522 tenuerunt,
613 1441 746 1507 diversa
773 1442 815 1506 ab
837 1440 1110 1509 intolerabilibus
1137 1444 1243 1509 Came·

163 1560 241 1625 rarii
264 1557 510 1650 supplementis
536 1558 635 1622 luisse
663 1574 789 1624 certum
818 1574 877 1626 est.
928 1559 1059 1642 Quibus
1078 1560 1244 1625 sinemuro.

166 1673 313 1766 expulsis
339 1672 417 1740 vide
444 1699 523 1738 num
559 1672 814 1766 diligentissime
845 1675 1031 1741 observatis
1065 1673 1256 1741 lacunarum

161 1791 286 1913 ‘Q’
315 1788 425 1881 qualia
453 1791 586 1854 suntin
614 1788 780 1869 Palatinis,
807 1791 988 1882 ascitisque
1016 1815 1094 1857 cum
1119 1789 1269 1857 aliorunt

164 1902 234 1999 tuip
260 1903 406 1971 Acidalii
443 1905 644 1998 quibusdam
677 1907 817 1973 inventis
852 1907 901 1973 sic
933 1908 1060 1974 rectius
1091 1923 1270 1973 sermones

160 2021 211 2090 illi
237 2021 442 2114 procedant:

217 2178 245 2233 p
263 2138 345 2207 lton
371 2135 453 2218 daia,
480 2162 552 2202 non
578 2136 688 2203 debet.
740 2157 799 2205 uA.
834 2131 908 2203 ndn
933 2137 1064 2205 debet?
1121 2161 1175 2204 rr.
1201 2153 1258 2197 113

663 2236 733 2344 grj‘
757 2253 893 2346 quidem

262 2372 366 2441 Ferri
390 2363 471 2437 binc
493 2386 619 2462 potest.
646 2394 693 2434 an
723 2364 789 2456 [ris
813 2371 894 2437 hinc
909 2366 1045 2463 ali]quo
1072 2366 1170 2435 aberit
1182 2365 1238 2452 so·

665 2483 789 2570 ras?*)

268 2603 395 2676 Vrbem
421 2598 502 2667 e'xul
526 2598 675 2694 [linquat
687 2597 886 2695 {cenobia
904 2602 1029 2668 eaussd
1053 2607 1106 2671 tui
1114 2604 1131 2667 P

194 2723 240 2790 70
271 2721 364 2809 Quin
391 2715 519 2785 sdrtcm
548 2700 823 2810 [poljlicdbitur.⁸
861 2740 922 2787 uA.
949 2724 1033 2810 quin
1059 2716 1132 2787 ndu
1158 2732 1230 2812 pcto·¹

269 2829 531 2901 Reddrlndumst
547 2837 707 2921 saeuus,
733 2832 867 2922 surinus
895 2832 1144 2904 reddundu'mst
1166 2831 1230 2900 rull·

272 2976 330 3019 Ta.
364 2947 531 3019 Molestus
554 2977 597 3017 ne
623 2956 695 3019 sisz‘
725 2948 823 3018 tremo
846 2952 926 3019 dat:
955 2980 1023 3045 age
1048 2951 1134 3048 quid
1156 2950 1233 3018 tutet.

174 3071 320 3138 Nimium
343 3086 417 3150 hest,
445 3068 538 3160 quud
566 3071 770 3135 Tranionem
796 3097 826 3136 v.
850 3067 897 3144 67
924 3071 1184 3163 respondentem
1203 3063 1233 3128 lt·

175 3189 264 3254 ciunt
287 3210 330 3250 rte
356 3211 424 3276 gry
448 3186 583 3279 quidem
608 3185 726 3253 debet:
753 3213 820 3279 quo
847 3188 884 3252 lit
904 3205 941 3252 ut
955 3190 1033 3254 satis
1057 3191 1166 3280 inepte
1178 3205 1233 3278 prt-

173 3303 253 3368 simi
292 3327 409 3369 versus
442 3303 535 3368 initio
569 3321 747 3394 quaeratur
770 3307 877 3391 ferre
911 3305 975 3370 ltoc
1006 3307 1134 3397 potes?
1169 3292 1234 3395 quod

175 3417 334 3511 quidem,
372 3419 568 3509 praesertim
596 3438 758 3510 sequente
790 3419 894 3486 altera
922 3422 1178 3512 interrogatione
1199 3411 1235 3479 illl

177 3559 262 3626 quae
288 3535 325 3598 lit
357 3557 404 3597 an
437 3532 619 3624 particula,
651 3534 790 3627 intelligi
822 3561 960 3628 prorsus
996 3541 1121 3631 nequit
1178 3532 1235 3601 ‚Non

177 3649 252 3724 dat,
276 3673 366 3714 non
392 3648 525 3714 debet
552 3651 592 3714 ab
625 3651 718 3718 initio
747 3651 879 3720 dixerat
903 3655 1176 3746 intemperantius
1197 3667 1236 3709 v0·

178 3766 319 3832 ciserans
346 3791 409 3831 nec
437 3765 564 3859 singula
590 3769 692 3831 verba
727 3771 920 3860 pensitans3
956 3794 1034 3836 mox
1070 3771 1126 3835 ubi
1157 3763 1235 3832 aurits

178 3885 301 3949 instans
328 3882 453 3948 danista
480 3908 552 3948 non
578 3882 707 3949 debet?
743 3885 992 3978 obstupefactus
1021 3889 1164 3980 quaerit,
1192 3883 1233 3942 itm

177 4024 245 4065 non
271 4002 356 4066 serio
381 4025 573 4065 asseverare
601 4002 806 4066 Tranionem
833 4003 997 4083 convenit,
1025 4002 1118 4095 quod
1138 3989 1232 4083 incogi·

230 4269 256 4334 ⁴)
278 4270 377 4319 vitandi
396 4269 619 4335 proceleusmatici
641 4285 732 4322 caussa
751 4272 910 4324 Hermannus
929 4273 1041 4324 mavult:

316 4366 391 4421 Ferri
411 4366 472 4417 ltine
487 4375 578 4435 potest.
597 4384 633 4419 un
651 4369 689 4420 ais
706 4368 792 4440 aliquo
811 4370 873 4423 ltine
890 4371 967 4422 abeat
982 4373 1080 4444 forus?
