2872 4942
318 344 326 373 .
422 327 584 367 reinvitat
613 323 803 368 resvrmsn.
1078 302 1147 375 563

131 531 134 539 ·
166 500 235 564 Hic
257 492 330 562 neec
356 521 414 562 ero
439 502 565 562 asnieres
587 492 677 563 stilus
688 497 816 588 firmus
839 493 986 564 re'stitit:

166 615 284 704 Neque
310 607 496 677 dimittaris
518 611 669 678 dninznm
691 613 733 676 de
758 612 862 692 firme
876 613 969 704 fide,

170 725 375 820 Quanqea'm
400 727 534 792 labores
559 722 681 794 milltes
707 726 748 794 ob
775 754 847 794 rem
872 746 906 793 et
929 723 1053 795 liberos

164 837 326 911 Abse'ntis
351 847 418 906 mei
442 847 494 908 eri
513 867 588 907 enm
609 838 673 934 e'go
700 848 825 935 cepisse
853 838 982 909 cirzseo.

167 957 229 1025 Set
250 957 305 1022 liic
327 948 434 1032 tirius,
461 975 498 1022 ut
524 983 588 1048 ego
614 952 788 1051 stlspicor,
808 957 924 1024 serviit
938 958 1060 1051 fidem.

59 1103 157 1185 Quos
181 1123 292 1163 versus
319 1123 373 1164 me
392 1080 465 1165 nali
486 1117 643 1165 monente
665 1099 862 1192 intelligitur
879 1126 896 1164 a
912 1098 1051 1166 Stasimo
1072 1099 1150 1181 dici,

61 1214 149 1281 dum
175 1214 299 1279 abitum
324 1231 419 1306 parat
444 1213 498 1279 vel
523 1215 633 1306 potius
659 1217 694 1279 in
719 1217 792 1306 ipso
819 1217 885 1280 iam
912 1214 1061 1282 discessu
1090 1234 1150 1298 est,

61 1355 171 1424 quem
197 1328 268 1394 fieri
297 1354 371 1394 erus
405 1329 567 1395 iusserat:
608 1355 673 1422 quo
711 1355 832 1423 genere
865 1329 1149 1397 terminandarum
1200 1392 1202 1395 .

62 1469 245 1511 scenarum
271 1442 395 1508 offendi
420 1444 540 1535 nequit
556 1446 613 1537 qni
639 1469 708 1511 non
731 1444 908 1512 luscitiosis
927 1443 1031 1511 oculis
1054 1444 1151 1511 Plau-

61 1577 137 1627 tum
162 1559 315 1651 attigerit.
341 1592 386 1605 -
428 1561 605 1651 Denique,
631 1586 673 1626 ne
702 1560 783 1653 quid
813 1587 975 1653 nugarum
999 1580 1152 1653 praetcr-

62 1675 205 1752 mittam,
233 1671 431 1739 Charmides
458 1672 550 1765 quod
576 1692 713 1767 praeter
740 1674 936 1755 Calliclem,
963 1675 990 1739 si
1018 1675 1150 1741 Stasimi

61 1788 171 1855 verba
196 1781 301 1876 (solus
316 1785 444 1878 firmus
470 1774 611 1874 restitit)
627 1774 826 1882 Qquimur,
853 1787 982 1854 nullum
1008 1791 1151 1855 amicum

59 1920 223 1996 expertus
251 1928 323 1969 esse
350 1902 455 1968 iidem
482 1903 669 1971 credendus
692 1923 761 1985 est,
795 1903 833 1970 id
860 1907 919 1970 etsi
942 1906 1014 1997 ipsa
1040 1904 1152 1970 sabula
1212 1932 1217 1940 ’

59 2045 136 2088 non
163 2018 351 2091 cstodedita
379 2044 481 2111 opera
509 2019 726 2113 explicatum,
753 2039 864 2086 tamen
889 2045 956 2113 quo
981 2023 1054 2087 iure
1083 2019 1152 2088 dici

56 2137 215 2229 potuerit
240 2139 310 2200 sine
336 2135 403 2201 ulla
429 2135 632 2201 audientium
658 2136 848 2216 offensione,
874 2162 1150 2230 unumquemque

56 2271 218 2346 putamus
243 2278 301 2317 sna
338 2261 457 2343 sponte
491 2270 747 2344 perspecturum
777 2272 914 2344 praeter
946 2278 1047 2318 unum
1075 2255 1150 2345 qui-

59 2366 144 2434 dem
171 2367 361 2432 carnificem
386 2365 499 2447 illum,
541 2369 593 2434 cui
626 2366 789 2434 difficilius
817 2368 915 2460 culpa
941 2367 1069 2435 scilicet
1094 2367 1152 2434 illa

59 2500 185 2578 poetae
214 2485 361 2549 excusari
387 2483 457 2548 visa
473 2500 531 2563 est,
559 2508 657 2576 quam
677 2483 713 2547 hi
734 2483 884 2576 quinque
908 2509 1020 2550 versus
1041 2484 1152 2551 cuncti

10 2660 33 2691 n
60 2619 223 2692 tanquam
246 2601 377 2666 obtorto
406 2597 493 2666 collo
517 2599 665 2692 iugulari.
688 2600 740 2664 An
761 2600 867 2666 extitit
884 2616 1023 2692 praeter
1047 2625 1151 2666 unum

60 2713 253 2794 Calliclem,
277 2715 330 2781 cui
355 2713 414 2780 ulli
442 2741 540 2781 curae
559 2714 747 2782 Charmidis
775 2714 873 2781 aedes
897 2732 1008 2782 essent
1028 2742 1046 2781 a
1067 2740 1150 2808 per-

63 2828 229 2897 ditissimo
257 2830 471 2897 adulescente
484 2828 714 2923 proscriptae?
740 2831 798 2922 qni
824 2850 996 2924 argentum
1019 2831 1062 2897 de
1089 2856 1148 2899 suo

61 2946 181 3014 daret?
217 2945 465 3040 malignissimas
504 2945 649 3038 denique
687 2947 807 3013 civium
842 2948 1087 3015 criminationes
1113 2948 1150 3014 in

60 3059 217 3132 scultro
244 3063 435 3154 reciperet?
465 3061 556 3129 sed
592 3066 629 3127 in
663 3061 857 3129 huiusmodi
889 3065 1147 3156 negotiodiem

60 3202 222 3246 sermone
257 3195 368 3244 terere
399 3183 566 3269 segnities
597 3196 747 3255 merast,
786 3185 937 3273 quamvis
971 3174 1145 3246 sermones

56 3308 207 3387 possunt
232 3293 331 3385 longi
351 3297 471 3362 texier.

578 3587 637 3656 IV.

162 3851 202 3920 In
216 3852 446 3946 suspicionem
467 3870 580 3920 vocata
607 3871 657 3918 est
681 3854 779 3918 etiam
803 3850 936 3918 illorum
957 3873 1047 3942 pars,
1071 3849 1145 3941 qui-

60 3971 129 4040 bus
157 3969 201 4036 de
228 3969 373 4037 dotanda
407 3967 595 4035 Charmidis
622 3966 688 4032 filia
716 3965 871 4032 Callicles
897 3984 930 4032 et
955 3963 1147 4058 Megaroni-

54 4087 124 4160 ‚des
153 4084 427 4169 deliberantact.
455 4084 503 4148 III
530 4108 574 4149 sc.
601 4086 632 4151 3.
690 4060 934 4171 praetermissis
960 4105 1050 4146 nunc
1075 4077 1145 4145 aliis

61 4202 197 4271 mendis
222 4227 291 4269 non
315 4202 449 4294 paucis,
486 4200 606 4290 quibus
639 4199 723 4264 haec
746 4222 845 4263 scena
869 4176 1058 4269 etiamnimc
1084 4193 1146 4263 de·

59 4318 204 4388 formata
230 4336 288 4399 est,
315 4316 432 4385 ordior
456 4342 474 4380 a
498 4312 726 4407 Megaronidis
749 4313 858 4382 verbis
884 4339 911 4380 v.
936 4314 1000 4381 20:
