2872 4942
161 333 235 406 hoo
551 356 608 401 vn.
644 359 685 399 nu
710 351 826 399 nutari

163 534 252 600 neris
278 556 384 626 pauca
411 531 593 623 specimina
622 554 663 597 ex
687 529 815 596 inlinita
851 525 1071 596 multitudine
1097 518 1247 623 decerpta

159 667 260 733 animi
287 690 399 732 caussa
424 664 508 731 iusra
535 665 643 755 posui,
680 682 766 755 quae
791 679 934 755 apparet
957 680 1138 756 receptam
1161 662 1244 729 novi-

160 785 212 850 cio
244 807 304 847 usu
339 800 371 848 et
400 778 642 847 consuetudine
667 780 977 872 pronuntiationem
1003 772 1106 863 sequi
1132 777 1241 847 solumi

256 878 472 986 Freqedntcr
487 890 652 982 fre'ment
677 891 781 988 aitque
808 891 897 960 maile
922 882 1120 961 mdrsitahl.

256 1009 409 1104 Aequom
435 1006 499 1086 e'st,
527 1034 584 1076 vos
610 1005 674 1074 cleo
689 1004 819 1097 fricari
844 994 1026 1076 sildntiem.

256 1121 345 1193 Eeed
361 1121 476 1214 fabdr
500 1130 567 1191 iem
595 1121 686 1191 vo'bis
711 1121 804 1217 quaid
828 1121 997 1218 capititis.

261 1240 432 1334 Quicquid
453 1236 589 1308 hatizisce
614 1239 737 1333 giintes
749 1238 881 1330 fe'runt
906 1237 1076 1332 inclytae,

256 1351 429 1426 Nonnihil
454 1352 573 1422 no'stro
600 1352 700 1447 gc'ste
725 1352 806 1423 seint
831 1353 984 1429 consilio,

258 1470 444 1567 Nunqea'm
466 1471 561 1564 quod
585 1471 668 1540 milii
688 1471 814 1567 pla'cet,
837 1468 889 1540 ilii
912 1468 1079 1567 displicet.
1106 1470 1137 1559 ')

162 1672 428 1688 h—-u—

214 1761 243 1826 ⁴]
270 1746 444 1807 Taetrioribue
463 1746 537 1805 etiem
554 1746 672 1807 versibus
682 1750 867 1822 Argumentum
888 1754 1060 1807 acrostichum
1079 1756 1240 1823 conscripta
1279 1754 1281 1761 '

263 1851 311 1895 est.
348 1842 397 1896 Pro
416 1857 467 1910 quo
486 1838 605 1908 paullo
622 1842 714 1894 melius
734 1840 828 1894 lactaria
845 1838 982 1896 hiediolani
1002 1845 1118 1911 repperi.
1144 1842 1239 1895 Buten

262 1931 331 1983 enim
355 1931 382 1981 iu
412 1929 569 1981 bibliotheca
592 1930 761 1982 Ambrosiam
786 1933 836 1981 trie
854 1930 970 1997 exempla
989 1930 1112 1983 editionis
1131 1930 1237 1992 mnne,

259 2020 373 2070 muneris
392 2020 493 2085 signata
520 2019 582 2071 478.
602 2019 662 2071 523.
682 2019 749 2082 528,
775 2030 882 2087 quorum
911 2020 1013 2071 tertium
1031 2033 1145 2085 penem,
1170 2016 1237 2084 tuga

265 2115 351 2158 autem
368 2106 491 2173 plurimae
512 2108 692 2158 annotationes
713 2108 739 2158 iu
756 2106 914 2174 marginibus
942 2108 1052 2175 scriptas
1074 2105 1174 2175 reliqna
1195 2104 1236 2155 dre

262 2202 359 2246 tenent.
405 2193 437 2245 Et
467 2193 555 2245 baraia
582 2194 904 2263 quidem-annotationum
936 2210 994 2261 pars
1027 2192 1235 2271 emendationibus

261 2282 399 2333 verborum
419 2281 593 2334 Plautiuorum
616 2284 775 2347 continetur,
803 2283 891 2349 petitis
908 2281 960 2333 illis
978 2286 1077 2334 mutum
1096 2298 1147 2334 non
1163 2280 1234 2333 onol-
1275 2326 1281 2337 .

262 2368 311 2421 bus
332 2386 347 2420 c
367 2369 499 2421 codicibus
527 2369 668 2421 Palatinis:
698 2370 778 2421 altera
805 2386 863 2437 pare
887 2368 1067 2421 innumerabili
1090 2366 1234 2421 multitaditt

262 2457 382 2511 similiter
408 2457 555 2522 dictorum,
584 2473 652 2525 quae
673 2458 715 2507 vel
735 2458 821 2509 verbis
839 2457 881 2508 vel
901 2459 1037 2511 sententiis
1054 2460 1149 2525 poetae
1164 2454 1232 2527 expli·

263 2545 351 2596 caudis
370 2528 531 2596 adiabenici
568 2544 639 2608 Quae
661 2547 745 2596 curuis
765 2546 917 2612 appamiae
935 2544 1073 2598 namin
1092 2546 1143 2598 523
1161 2552 1229 2595 hant·

262 2635 358 2700 scripta
378 2648 445 2684 csse.
481 2633 520 2684 lbi
550 2633 630 2700 igitur
654 2635 680 2684 in
700 2630 751 2684 line
771 2629 829 2684 titii
849 2633 914 2684 traca
930 2631 1054 2701 leguntur
1071 2631 1172 2686 saecula
1185 2620 1228 2681 iii

263 2722 373 2788 scriptas

507 2790 710 2859 ‚Argumentum
727 2784 892 2839 Bacchidem.

332 2870 471 2929 Bacchidis
496 2886 598 2927 ametor
625 2871 654 2926 in
676 2866 806 2943 Bpltesatm
824 2864 998 2926 Mnesilochus
1016 2870 1089 2939 atti,

332 2967 432 3017 Auram
449 2973 605 3026 exacturam
634 2973 657 3014 et
674 2964 813 3015 Pistoclere
831 2976 888 3012 eam
904 2963 1010 3014 interim

332 3053 506 3104 Commendat·
526 3051 570 3102 ille
589 3052 745 3102 Bacchidem
762 3050 872 3101 alteram
886 3051 962 3117 perit.

333 3138 423 3191 Credit
442 3154 560 3191 reversae
581 3138 756 3190 Mnesilochus
773 3155 830 3189 eum
848 3138 897 3188 ribi

332 3227 410 3278 Haud
430 3240 483 3278 esre
500 3227 594 3292 fidem5
613 3235 637 3277 et
657 3242 754 3276 earnem
775 3240 867 3276 eurem
885 3233 1003 3276 nemrot
1020 3218 1096 3294 petri

334 3315 429 3366 laeter.
458 3323 486 3367 at
502 3331 532 3364 re
555 3315 659 3382 capuita
680 3312 800 3380 Chrysali
818 3323 898 3380 opera

334 3403 472 3468 Demmtpit
491 3402 528 3451 his
545 3410 664 3469 petrem:
691 3417 709 3451 a
728 3410 815 3468 stupro
836 3402 879 3467 qui
893 3397 975 3466 filiam

335 3489 510 3541 Enistimebat
530 3490 657 3539 redimere
677 3497 701 3538 et
717 3489 843 3555 periurio.

334 3576 420 3652 Scaea
437 3593 495 3626 eura
514 3573 582 3626 sacia
601 3575 703 3626 tandem
722 3571 840 3625 illectant
857 3572 1007 3624 Bacchides.

263 3664 346 3716 Heius
366 3664 511 3730 arpameeti
536 3664 637 3730 copiam
662 3661 693 3712 L.
712 3660 807 3712 Annii.
827 3660 936 3710 (lucceio
962 3659 1064 3726 copiam
1087 3649 1148 3724 fecit
1162 3648 1245 3718 PM·

265 3752 341 3803 Cotta
352 3753 490 3802 lacrimans,
509 3751 575 3816 qued
594 3750 694 3816 quidem
705 3765 792 3798 aerum
808 3756 932 3816 putaturi
953 3764 1011 3797 cesa
1029 3747 1138 3795 alterum
1156 3738 1247 3808 salust

266 3840 369 3889 oriendae
388 3839 428 3887 sit,
454 3853 534 3903 neque
555 3837 622 3885 enim
647 3837 675 3884 in
693 3844 747 3884 tote
765 3835 816 3884 liae
834 3833 964 3883 comoedia
984 3833 1079 3881 sacratio
1097 3830 1183 3897 lepitur
1197 3819 1245 3871 vlf

265 3927 315 3977 litis
324 3924 462 3977 Bacchidis
475 3924 631 3990 erumpentis.
653 3922 697 3971 sed
716 3921 887 3972 taeterrimodo
904 3920 1001 3970 reditas
1019 3920 1107 3987 prima
1122 3908 1244 3971 cemani*

260 4024 328 4087 fine:
350 4021 418 4071 Nam
434 4029 461 4071 at
483 4038 496 4070 e
514 4020 578 4069 aevi
594 4027 668 4068 neate
685 4027 709 4068 et
728 4036 749 4069 c.
773 4018 845 4067 llaec
863 4032 896 4063 ee
916 4015 1003 4065 codice
1015 4012 1081 4064 Phil.
1099 4001 1162 4064 otia,
1174 4001 1236 4058 hilf·

263 4110 315 4159 Aa.
338 4109 412 4159 CV.“
433 4141 466 4150 -
493 4107 613 4157 Ceterum
638 4122 672 4155 nc
697 4106 717 4156 1.
738 4104 871 4170 scaligero
889 4102 992 4169 quidem
1013 4100 1155 4168 argumenti
1170 4103 1239 4145 πῖθ’

265 4197 340 4247 stichi
372 4195 501 4262 pangendi
530 4211 609 4260 opera
634 4197 697 4245 satis
717 4195 851 4245 sticcessit.
889 4192 967 4240 Cirius
987 4191 1033 4240 hos
1053 4204 1141 4240 versus
1160 4176 1236 4234 nt⁵⁶l⁰

263 4284 331 4332 uude
350 4283 456 4348 protulit
476 4282 608 4335 hiarollius
628 4283 848 4347 interpretationis
868 4278 982 4351 Gallicae
1012 4276 1065 4328 rol.
1087 4277 1119 4339 11,
1137 4291 1159 4341 p.
1178 4264 1231 4320 293²

264 4370 417 4421 Bacchidem
435 4381 504 4423 aetat
522 4379 633 4423 scortum
652 4369 835 4429 Mnesilochus,
855 4369 908 4418 eius
924 4376 1003 4436 pater
1017 4372 1029 4436 ΙΙ
1051 4367 1118 4417 Auri
1137 4351 1230 4414 dacthll¹
