2872 4942
162 328 235 407 576
484 354 524 399 tx.
575 354 618 399 nn
646 349 934 400 tnrenronsrtona

163 526 350 594 mihitlibri
376 548 470 592 nsum
494 523 654 592 consolita
679 523 862 591 liberalitas
886 547 959 617 ntrs
987 515 1075 588 vta(
1088 524 1244 602 concessit,

163 659 231 734 quo
260 659 295 707 et
317 641 422 708 carius
447 659 547 733 caput
573 659 607 708 et
629 640 749 708 clarius
778 634 976 730 exemplum
1002 639 1098 704 inter
1115 638 1247 730 philolo·

165 782 226 852 gos
252 756 380 823 nullum
407 755 561 833 habeam,
585 757 695 823 Iacent
723 746 854 823 Genio.
899 755 1006 821 Cuius
1034 772 1108 819 tam
1133 755 1248 820 officio-

166 898 223 940 sae
244 871 406 1005 amieltligre
432 896 521 937 nunc
549 872 613 939 hoe
640 895 777 962 qnoque
804 868 933 955 debeo,
953 869 1065 961 quod,
1092 895 1193 962 quam
1216 870 1248 934 ab

164 989 424 1081 auspicatissimo
450 988 585 1054 nomine
613 1011 750 1052 exorsus
776 1010 868 1065 sunt,
903 1008 973 1051 non
1006 986 1125 1050 minus
1152 986 1253 1077 auspi-

164 1122 238 1172 cato
263 1104 328 1170 iarn
354 1101 561 1188 concludere
584 1101 842 1193 disputationem
868 1099 960 1167 lieet.

469 1794 939 1870 EPIMETRVM.

547 1989 587 2041 De
607 1989 708 2041 lacunis
725 1989 871 2042 Trinunmi.

663 2192 757 2207 ν-ι-

205 2318 287 2409 ¹'De
309 2333 474 2408 duabus
500 2340 673 2409 lacunis
700 2341 889 2409 Trinummi
915 2363 1019 2435 supra
1047 2370 1084 2438 p.
1098 2340 1238 2439 560sqq.

162 2456 234 2528 573
249 2483 299 2551 sq.
327 2460 465 2551 egimus.
492 2459 644 2524 Tertia
669 2456 840 2551 protracto
867 2459 908 2524 ab
934 2458 1070 2552 Angelo
1098 2464 1185 2528 Maio
1207 2483 1236 2524 er

160 2572 383 2641 Ambiosiano
408 2573 525 2640 codice
543 2570 710 2641 versiculo
738 2574 872 2666 expleta
902 2594 961 2662 est,
991 2602 1099 2667 quem
1123 2576 1235 2642 iamin·

158 2707 213 2756 ter
237 2690 297 2772 III,
325 2691 359 2771 3,
390 2692 432 2757 17
460 2706 493 2754 et
521 2692 565 2759 18
591 2691 794 2756 recentiores
821 2689 987 2757 editiones
1016 2716 1137 2759 omnes
1161 2690 1234 2757 exhi·

159 2805 293 2873 benene
319 2809 500 2889 Quartae
533 2805 709 2872 lacunae
743 2805 851 2871 eidem
881 2805 972 2873 libro
998 2807 1164 2876 indicium
1188 2786 1231 2871 d'e-

161 2923 289 2988 bemus.
338 2923 425 2987 Nam
450 2921 529 3004 11,ct
558 2948 633 2990 cum
656 2923 753 3016 vulgo
777 2924 811 2987 hi
840 2947 915 2989 sese
941 2947 1058 2990 versus
1085 2924 1231 3016 excipiant

162 3039 286 3130 osne

258 3153 433 3229 Piscator,
455 3158 567 3246 pistor
593 3153 746 3230 abstulit,
772 3154 870 3230 lanii,
894 3157 1007 3247 coqui,

266 3268 438 3346 Olitores,
464 3271 672 3361 myropolae,
698 3296 854 3362 aiicupes.
881 3271 989 3363 confit
1013 3276 1095 3353 cito,

265 3386 375 3472 Quam
398 3390 430 3451 si
454 3403 491 3452 tu
516 3386 643 3451 obicias
657 3389 822 3472 formicis
844 3411 1055 3479 papaverem
1081 3424 1150 3464 -‚

160 3522 228 3565 uno
253 3519 329 3565 ante
357 3498 509 3566 ultimum
534 3527 633 3569 versu
666 3504 885 3594 integriorem
915 3505 1134 3594 eognovimus
1164 3501 1224 3567 Am·

159 3615 363 3694 brosianum,
390 3614 514 3682 sedeo
537 3635 602 3682 tam
626 3617 786 3697 evanido,
813 3636 848 3682 ut
874 3642 942 3684 non
967 3619 1032 3684 nisi
1062 3620 1139 3700 has,
1163 3602 1224 3708 (lut⁵

159 3731 245 3797 infra
271 3733 464 3826 posuimus,
500 3730 627 3800 litteras
656 3736 817 3800 extricare
843 3734 1071 3827 potuerimus,
1109 3751 1225 3827 quarum

264 3996 350 4030 meum
370 3980 497 4046 quendam
517 3996 630 4031 errorem
650 3980 824 4032 animadverto
834 3981 920 4046 nsit
935 3982 1110 4034 commissum.
1128 3981 1164 4034 lbi
1175 3976 1224 4029 enin

265 4073 334 4140 quod
354 4076 410 4126 Nisi
429 4084 456 4126 tu
471 4093 511 4126 me
528 4077 641 4126 mihimet
659 4092 705 4142 pro
720 4078 777 4128 Nisi
795 4084 846 4127 tute
864 4076 929 4126 milti
945 4093 985 4127 me
1005 4077 1166 4128 scribendum
1181 4083 1223 4122 0³⁵⁶

254 4169 327 4232 uixi,
346 4166 371 4220 id
392 4187 449 4221 enm
467 4187 531 4223 sane
550 4172 695 4223 meditando
714 4174 880 4237 invenissem,
900 4152 1114 4226 neerecordatus
1131 4179 1224 4226 suntet

266 4274 372 4331 propter
389 4268 537 4334 neglectam
554 4268 667 4337 aliquant
694 4268 842 4321 schedulam
868 4268 922 4319 ridi
939 4270 966 4320 in
984 4270 1043 4337 ipso
1067 4280 1164 4323 exstare
1178 4266 1223 4319 Aur

266 4358 397 4411 brosiano.
