2872 4942
193 341 266 412 ott
507 369 550 413 ru.
603 366 645 413 ue
672 298 962 455 iucecrosp'iiouu

922 196 979 269 θ’
1023 236 1051 285 η
1084 194 1089 202 .

1069 328 1092 373 Ὅ

298 466 311 493 ι
1142 488 1148 495 .

190 543 353 631 gauium,
386 536 430 603 cd
448 538 520 603 .ho'c
547 555 655 603 autom
680 545 811 603 noutcul
827 532 1122 627 accommodanda
1150 534 1287 626 proximi

196 679 311 721 versus
338 655 539 719 constructio
565 656 631 725 sic:
660 676 768 742 itaque
796 651 833 718 id
858 655 1038 747 antiquum
1060 648 1287 718 servaram

196 771 300 862 nique
327 786 481 861 quattuor
515 768 649 835 illorum
681 792 837 833 versuum
870 769 998 858 primns
1025 765 1116 858 quid
1153 764 1282 847 taudbt

190 887 342 979 ,pertinet
367 883 411 965 ad
436 885 499 950 vim
527 886 751 976 perniciosam
778 885 927 974 corrupti
954 881 1103 948 saeculi?
1131 884 1281 950 Namfsic

193 1002 324 1095 potius,
366 1018 401 1065 ut
438 1003 678 1066 contrariorum
716 980 882 1090 oppositio
916 998 1024 1091 qualis
1063 1019 1158 1066 esset
1193 999 1285 1091 plane

193 1119 452 1210 perspiceretur,
480 1115 682 1181 instituenda
710 1116 814 1180 oratio
842 1131 925 1180 erat:
951 1138 1032 1179 nam
1055 1119 1090 1179 si
1106 1114 1284 1180 demutant

195 1257 306 1299 mores
329 1236 507 1321 ingenium
533 1248 639 1304 tuum,
663 1247 700 1294 ut
727 1234 765 1295 in
789 1247 823 1293 te
847 1246 1037 1319 aegrotent
1064 1248 1166 1323 artes
1195 1235 1281 1295 anti-

198 1372 288 1441 quae
313 1365 402 1412 taae.
455 1350 627 1411 Praeterea
661 1371 725 1410 nec
763 1349 1220 1438 transpositum-quicquam
1252 1349 1281 1411 iu

190 1465 365 1553 :veteribus
392 1461 511 1545 libris3
551 1481 584 1526 et
609 1462 769 1553 scriptum
793 1464 828 1526 in
855 1465 1055 1528 omuibus
1083 1468 1143 1528 sin
1170 1467 1280 1529 immu-

195 1597 273 1644 tare
298 1564 359 1670 pro
388 1584 457 1643 sive
484 1583 677 1643 immutare.
741 1576 828 1642 Illud
854 1584 910 1642 sin
937 1597 1081 1669 apparet
1105 1581 1151 1643 ab
1181 1581 1282 1670 impe·

195 1697 475 1786 rituliuterprete
502 1710 565 1757 aut
590 1697 622 1757 si
646 1693 816 1784 particulis
842 1695 1021 1785 ascriptum
1050 1719 1138 1772 esse,
1167 1712 1280 1759 totum-

196 1838 263 1903 que
291 1808 534 1901 versumnihil
562 1833 632 1872 esse
657 1811 720 1873 nisi
747 1810 894 1900 ineptam
924 1807 1185 1900 explicationem
1208 1833 1280 1901 pro-

197 1928 276 2023 ximi
302 1912 428 2017 vffius.
481 1923 593 2014 Atque
623 1923 687 1988 hoc
711 1926 755 1987 ita
784 1949 875 2001 esse,
902 1925 929 1989 si
956 1925 1013 2016 qui
1038 1926 1161 1991 rationi
1187 1923 1280 1999 uolet,

199 2041 318 2108 credet
344 2046 435 2107 certe
454 2039 665 2125 Ambrosiaui
689 2040 891 2116 testimonio,
916 2043 952 2104 iu
977 2065 1045 2132 quo
1066 2042 1180 2107 eiectis
1197 2039 1274 2132 glos-

197 2158 328 2223 sematis
354 2158 588 2221 continuantur
616 2181 643 2220 v.
671 2141 742 2223 34(
758 2154 825 2223 36:
858 2157 949 2221 Nam
982 2161 1014 2222 si
1039 2160 1085 2225 in,
1099 2173 1135 2221 te
1160 2178 1268 2247 aegro-

198 2290 279 2339 tant
303 2288 398 2337 artes
422 2272 588 2361 antiquae
613 2286 717 2342 tuae,
742 2269 813 2336 Aut
838 2277 869 2336 si
892 2270 1073 2339 demutant
1097 2270 1204 2347 mores
1225 2274 1263 2334 ia·

199 2393 340 2481 genium
377 2374 505 2456 ῑιιιινη.ι
541 2389 583 2451 Et
617 2362 671 2451 sic¹
698 2386 837 2478 quidem
870 2387 1015 2454 eandem
1051 2391 1139 2455 nacti
1172 2408 1258 2455 sumus

200 2505 378 2597 bipartitae
406 2505 593 2570 sententiae
622 2503 941 2584 conformationem,
982 2531 1082 2596 quam
1116 2520 1254 2571 commen·
1303 2479 1308 2485 .

199 2620 301 2687 dabat
327 2612 499 2686 Acidaliae
512 2622 591 2725 {ita
619 2639 728 2683 tamen
756 2623 886 2686 inverso
914 2620 1059 2700 ordine,
1083 2638 1119 2687 ut
1143 2647 1159 2686 a
1181 2641 1252 2711 spon.

197 2754 294 2819 tuneo
322 2737 439 2803 morbo
468 2734 511 2801 cd
538 2734 603 2800 vim
630 2737 835 2827 contagionis
864 2754 1055 2802 transeatur.

301 2850 388 2933 Quid
416 2869 522 2917 atrtom
550 2849 634 2915 illud
661 2876 732 2915 esse
760 2849 919 2928 dicamus,
947 2852 1038 2943 quod
1062 2876 1176 2944 parum
1197 2867 1248 2941 pto·
1297 2844 1300 2852 Δ

202 2965 292 3033 scoto
320 2968 483 3032 concinne
521 2991 586 3032 uno
620 2990 719 3031 versu
753 2968 845 3057 prius
880 2969 1062 3033 sententiae
1091 2968 1249 3032 membrum,
1315 2965 1316 2971 '

205 3079 337 3146 dnobus
364 3085 553 3148 continetur
579 3081 744 3147 alterum?
796 3083 838 3147 Et
872 3101 907 3147 ut
932 3085 1099 3159 mittamus
1124 3097 1249 3176 postat·
1298 3165 1302 3174 ⁸

202 3202 318 3289 'tiquac
357 3215 451 3264 artes
491 3197 632 3263 mole'ste
675 3199 854 3289 repetitam
894 3203 1116 3291 antiquorum
1155 3212 1250 3263 morum
1299 3180 1301 3185 ⁵

202 3315 395 3407 notionem,
423 3316 480 3406 qui
508 3313 642 3379 tandem
669 3313 726 3378 illa
753 3331 807 3378 ast
831 3332 949 3408 captas
976 3339 1083 3381 novos
1105 3319 1216 3383 rectius
1232 3309 1255 3371 in
1300 3307 1311 3338 ‘⁵

202 3431 403 3520 posterioris
427 3431 630 3495 conveniunt
653 3456 750 3521 quam
770 3433 802 3494 iu
824 3433 945 3522 prioris
972 3457 1086 3498 versus
1113 3449 1258 3525 argumen·
1285 3406 1316 3519 ’ἶ

106 3605 111 3617 .
206 3544 312 3625 tomi,
344 3543 625 3636 ¹Acceditquod,
665 3549 723 3637 qui
749 3572 780 3610 v.
809 3545 854 3614 36
881 3570 991 3613 mores
1019 3547 1176 3614 dicuntur
1197 3546 1225 3610 h.
1240 3563 1260 3604 c.
1309 3533 1315 3567 ³

207 3661 391 3727 communis
417 3657 508 3725 labes
536 3678 569 3727 et
593 3659 730 3751 publica
763 3661 953 3754 corruptela
993 3662 1146 3755 (prorsus
1172 3679 1205 3728 ut
1224 3657 1265 3733 IV.

206 3775 241 3853 ll,
268 3776 324 3844 30.
341 3776 398 3854 37,
425 3772 530 3856 alibi),
557 3778 579 3839 ii
609 3801 751 3841 caussa
776 3779 886 3842 morbi
912 3781 1111 3871 cogitantur.
1164 3773 1269 3862 Quodsi

206 3915 284 3981 eos
314 3892 468 3982 proximo
495 3915 594 3957 versu
626 3916 695 3957 non
721 3894 873 3983 antiquos
909 3897 1032 3959 servari
1055 3891 1271 3987 Megaronides

208 4007 429 4099 ait‚4appa1·et
452 4007 586 4071 minime
611 4008 675 4071 inm
698 4007 814 4072 eadem
837 4009 1074 4100 significatione
1098 4036 1211 4079 mores
1233 4033 1274 4074 uc·

209 4120 294 4213 cipi,
322 4120 382 4184 sed
409 4123 576 4187 communi
601 4124 711 4215 potius
739 4125 894 4203 notione,
922 4149 986 4216 qua
1010 4127 1139 4217 ingenii
1162 4125 1278 4201 setin

210 4232 294 4300 dolis
329 4255 527 4326 potestatem
566 4258 717 4330 aequant.
785 4242 830 4306 Vt
870 4243 916 4304 sic
953 4241 1070 4306 saltem
1111 4243 1283 4311 dicendum

208 4365 329 4451 poetae
355 4351 470 4416 suerit:
497 4355 586 4419 Nam
611 4359 642 4418 si
667 4359 703 4418 in
730 4372 763 4420 te
789 4356 976 4445 aegrotant
1001 4375 1100 4425 artes
1131 4365 1283 4453 antiquat
