2776 4942
150 336 223 414 478
373 363 441 405 vru.
468 360 510 405 na
534 363 680 407 rrnasro
708 364 908 409 scurram
973 275 1124 390 lp

152 535 259 605 Aedis
285 534 371 601 dico.
423 560 484 604 rr.
518 561 603 629 ergo
640 543 733 605 intro
759 564 799 605 co
825 564 843 605 r

154 658 167 719 i
190 650 323 735 licet.*)

274 766 365 834 Nihil
390 768 422 831 in
456 765 615 835 Plautinis
647 767 759 835 sabuli‘

150 882 243 950 modi
269 879 535 973 corruptelarum
566 868 736 951 concurs¹

150 1016 306 1091 tanquam
333 996 441 1063 nodus
467 996 627 1091 quidam:
655 1026 674 1066 r

150 1116 286 1181 tunitate
312 1113 428 1179 licebit
450 1112 541 1207 largn
565 1137 638 1180 mar

147 1254 240 1309 ram,
282 1231 373 1299 euius
403 1229 591 1323 simplicior

151 1346 242 1440 quod
271 1346 484 1414 traiecturum
501 1368 553 1413 'nt'

149 1459 376 1529 Mostellariae
403 1461 524 1529 cuim'

270 1600 332 1645 ru.
356 1574 457 1645 Adeo
636 1560 762 1623 vomitu
787 1582 830 1623 na
854 1558 909 1621 iric
930 1578 991 1621 nos
1014 1548 1113 1615 enicet
1135 1562 1180 1633 pra
1220 1554 1268 1664 'qt

268 1714 326 1761 rit.
352 1691 431 1783 Quo
529 1672 638 1737 rsotve
663 1672 755 1739 laune
780 1696 904 1768 quaeso
928 1674 1088 1741 retritum,
1109 1656 1178 1727 nei.
1219 1667 1224 1742 ᾗ

271 1809 339 1875 Dic
364 1822 391 1876 tr
456 1818 493 1858 se
526 1788 614 1852 enim
648 1786 856 1855 Lucilianum
886 1786 971 1856 illud
1008 1786 1097 1855 distat
1117 1770 1182 1873 apud
1251 1792 1268 1852 Q*

269 1946 333 1992 ῃ,
368 2004 380 2025 ὑ
393 1942 415 1999 31,
434 1928 498 1999 quo
526 1901 721 1971 Trebellius
747 1904 883 1997 quidam
906 1906 1074 1973 videtur
1085 1898 1183 1993 febris.

147 2034 265 2139 {trullo
290 2025 469 2134 r·.,·f,}1u'tus,
490 2045 554 2111 pus
577 2022 698 2088 vocari.

174 2160 244 2248 rto
268 2142 331 2256 μ’

182 2299 195 2334 ι
510 2318 513 2323 .
634 2270 664 2357 S
698 2274 733 2349 22
761 2260 772 2277 “

269 2480 353 2549 Haec
392 2494 476 2564 quae
514 2469 719 2537 tractavimus
771 2470 926 2565 exempla
961 2475 1005 2541 ita
1041 2484 1195 2570 comparata

257 2608 290 2659 ut
316 2611 406 2653 cum
432 2586 681 2653 iteratione
710 2587 885 2655 coniuncta
911 2592 953 2656 sit
979 2594 1119 2659 affinium
1140 2612 1196 2684 pat·
1239 2623 1264 2687 gn

171 2758 209 2823 da
236 2702 544 2794 transpositio.
602 2704 679 2769 Nou
704 2703 868 2795 pertinuit
894 2705 936 2772 ad
960 2710 1086 2775 vicinos
1111 2724 1198 2775 versu
1253 2740 1266 2779 a

159 2820 325 2923 ¹auaratio
352 2817 423 2884 aliis
451 2814 615 2911 exemplis
642 2818 791 2885 eiusdem
815 2819 970 2889 fabulae:
998 2822 1197 2917 nequeenim
1256 2834 1266 2893 i

150 2946 268 3023 ,nimus
292 2950 341 2999 est
365 2950 456 2999 extra
481 2934 585 3025 ipsius
597 2933 822 3001 Mostellariae
849 2936 934 3003 fines
956 2941 1095 3030 evagari.
1119 2933 1199 3005 Velut
1260 2973 1266 3011 3

145 3057 216 3151 quis
241 3067 352 3143 potest
378 3048 555 3129 dubitare,
595 3050 676 3143 quin
708 3074 824 3117 errore
857 3068 983 3118 tantum
1010 3053 1199 3121 librariorum
1263 3072 1266 3126 ξ

142 3173 175 3235 in
201 3166 243 3245 II,
272 3171 287 3233 t
319 3189 432 3231 versus
458 3162 506 3231 64

241 3280 372 3347 Clavim
397 3277 480 3344 cedo
506 3294 609 3371 atque
631 3277 690 3343 abi
710 3282 803 3345 iutro
822 3296 924 3373 atque
942 3282 1082 3350 occlude
1101 3282 1200 3349 ostium

139 3399 304 3491 repetitus
327 3398 367 3462 sit
394 3414 471 3487 post
494 3422 521 3461 v.
550 3398 614 3475 77,
654 3394 763 3461 deleri
797 3398 903 3463 iussus
928 3403 1120 3489 posteriore
1139 3399 1199 3465 loco

139 3515 180 3581 ab
198 3511 373 3580 Acidalio?
396 3509 462 3578 Vel
480 3529 517 3577 ut
541 3510 671 3604 gravius
684 3511 866 3602 proferam,
893 3513 977 3606 quin
991 3541 1107 3583 verum
1126 3514 1196 3583 iden
1252 3523 1258 3544 ·'

139 3630 259 3699 viderit
283 3629 317 3694 in
343 3628 402 3705 ΙΙΙ,
432 3631 470 3708 1,
509 3627 567 3693 ubi
602 3628 750 3692 versibus
778 3625 835 3695 26.
864 3632 919 3699 30.
947 3630 1005 3697 31.
1028 3632 1075 3700 32
1100 3634 1197 3699 iterum

138 3765 217 3840 post
237 3772 266 3813 v.
296 3746 340 3815 18
367 3742 500 3810 intrusis
522 3740 607 3808 illud
630 3741 768 3821 accidit,
806 3762 843 3809 ut
868 3769 912 3811 ne
945 3748 1121 3815 continuae
1140 3744 1198 3839 qui·

140 3863 219 3930 dem
253 3878 365 3955 partes
396 3860 638 3925 traiicerentur.
704 3861 766 3942 Qui
798 3885 911 3927 versus
951 3888 1028 3929 cum
1059 3860 1197 3956 elegantia

140 3977 258 4044 suadet
282 3994 351 4043 tum
377 3974 461 4042 ratio
486 3971 633 4067 postulat
657 3991 691 4039 ut
716 3976 763 4041 sic
787 3976 996 4041 scribantur:

191 4100 234 4165 17
287 4114 343 4160 ru.
367 4083 541 4185 Mruaqur'd
563 4088 687 4155 diristi
704 4088 748 4155 de
773 4085 844 4166 illo,
870 4092 963 4182 quod
987 4089 1065 4160 diri
1086 4092 1163 4161 ribi?

192 4210 236 4278 18
286 4231 348 4275 ru.
375 4208 463 4275 Dixi
478 4201 589 4272 lre'rcle
618 4230 695 4273 vero
718 4208 753 4271 ei
771 4200 896 4274 drnnia.
933 4232 990 4277 ru.
1015 4210 1073 4277 hei
1095 4196 1197 4276 miseni

733 4318 831 4385 milri:
