2872 4942
379 332 382 335 ’
460 338 712 403 nosranntnne
737 344 933 389 rnavrrntu.
986 302 991 308 ⁷
1175 321 1246 399 439

150 515 315 609 neglecta
341 516 496 582 uersuum
524 459 913 587 distinctionellautina
939 520 1042 585 verba
1076 545 1140 598 una
1166 547 1247 613 per-

152 633 324 724 petuitate
352 648 509 723 tanquam
537 658 603 700 non
633 636 763 700 astricta
791 635 941 701 numeris
968 636 1138 703 exhibere.
1175 640 1272 711 N'on¹

155 744 366 828 mirandum,
392 746 451 812 sed
479 747 684 814 laudandum
704 750 738 814 in
757 751 977 830 Laclrmanno,
1004 750 1188 844 quodtqua
1205 769 1255 818 est

150 863 341 956 prudentia
368 862 475 929 noluit
508 865 542 928 in
576 865 808 956 computandis
839 868 984 962 numeris
1016 878 1057 932 ea
1092 893 1257 934 versuum·

151 979 392 1072 descriptione
418 983 477 1059 uti,
505 984 647 1074 quaein
678 983 882 1049 editionibus
903 981 1005 1049 bodie
1031 984 1157 1051 fertur:
1185 1010 1255 1053 non

151 1092 328 1162 veritu'rus
354 1095 477 1176 facere,
504 1097 533 1162 si
558 1107 717 1163 summam
748 1125 819 1165 esse
845 1100 879 1163 in
895 1099 959 1165 hoe
983 1124 1107 1192 genere
1131 1098 1253 1174 editio-

151 1238 239 1277 num
267 1210 348 1277 inde
375 1238 392 1276 a
420 1211 614 1278 Camerario
641 1213 852 1305 proditarum
879 1241 953 1281 cum
977 1216 1106 1281 Vetere
1134 1214 1252 1282 codice

153 1328 414 1418 congruentiam
439 1329 608 1421 scivisset:
647 1331 739 1396 cuius
767 1330 907 1423 quidem
933 1331 1059 1398 codicis
1084 1331 1252 1398 beneficio

154 1443 229 1513 diei
258 1447 376 1535 nequit
401 1443 532 1534 quoties
559 1447 671 1512 sanior
697 1472 850 1511 versuum
870 1445 1052 1540 descriptio
1079 1444 1251 1513 debeatur.

154 1561 275 1625 Vnum
301 1559 385 1624 illud
403 1562 595 1640 tenendum,
623 1553 715 1654 quod
739 1562 831 1654 tetigi
854 1564 888 1627 in
915 1559 1188 1652 commentariolo
1207 1559 1251 1627 de

157 1663 684 1769 biblioth.'Alexand1·.'scripto
707 1702 740 1769 p.
770 1680 857 1757 122,
901 1676 992 1770 quod
1017 1677 1192 1770 aliquoties
1218 1678 1254 1741 in

159 1789 224 1856 illo
252 1788 359 1871 libro,
396 1818 463 1884 quo
497 1795 618 1860 chartis
654 1811 878 1884 parceretur,
914 1795 1112 1884 praesertim
1147 1793 1256 1858 sicubi

160 1906 303 1971 brevius
339 1926 428 2002 esset
468 1935 570 2002 genus
609 1934 788 1989 versuum,
831 1933 897 1975 non
936 1908 1075 2000 quidem
1117 1909 1254 1976 omuino
1340 1972 1342 1978 .

160 2015 313 2089 licenter
341 2042 374 2089 et
407 2027 595 2115 promiscue
631 2025 859 2116 perscriptos,
897 2024 957 2090 sed
999 2041 1090 2090 certa
1126 2044 1165 2090 co
1209 2022 1255 2087 'i'

163 2138 348 2204 constantia
374 2140 471 2207 binos
498 2141 533 2206 in
559 2165 662 2205 unum
689 2141 733 2205 ita
762 2141 956 2206 coniunctos
980 2138 1152 2231 reperimu

164 2280 182 2318 a
210 2252 447 2345 grandiuscula
471 2254 580 2321 littera
607 2253 743 2322 alterius
770 2256 902 2321 initium
924 2254 989 2319 fiat.
1052 2158 1240 2377 Atqui&

165 2369 201 2432 in
230 2369 316 2434 hanc
350 2371 456 2461 ipsam
490 2389 622 2463 partem
647 2369 874 2436 Mostellariae
907 2370 951 2434 ita
975 2367 1083 2449 cadit,
1122 2388 1158 2434 ut
1188 2392 1257 2434 non

165 2483 315 2562 modoa
342 2485 506 2566 111,2,37
532 2485 648 2582 ³d159
675 2486 790 2580 viginti
813 2510 926 2551 versus
952 2502 1169 2549 numerentur
1194 2507 1257 2576 pro

165 2600 286 2692 viginti
313 2599 444 2667 duobus
472 2621 505 2668 et
530 2629 548 2667 a
574 2602 633 2683 IV,
660 2606 692 2677 2,
715 2599 738 2668 lt
765 2599 808 2666 ad
835 2601 881 2670 23
909 2597 1102 2694 quindecim
1130 2623 1192 2690 pro
1209 2598 1258 2665 vi-

163 2716 261 2811 ginti,
281 2716 349 2794 ,sed
375 2744 439 2810 pro
469 2718 600 2786 duobus
628 2736 661 2785 et
682 2719 798 2810 viginti
823 2716 980 2784 undecim
1007 2733 1174 2782 tantuma
1199 2715 1259 2795 IV,

167 2832 202 2911 3,
226 2833 272 2901 18
298 2831 337 2898 ad
366 2834 423 2904 39.
477 2835 541 2916 Qui
563 2859 679 2900 versus
703 2859 778 2909 cum
803 2857 871 2899 non
895 2832 1000 2924 possit
1016 2829 1160 2896 dubitari
1178 2829 1260 2922 quin

168 2945 205 3010 in
232 2949 468 3039 antiquissimis
501 2948 674 3017 codicibus
703 2948 895 3040 singillatim
919 2947 1043 3014 fuerim
1067 2945 1261 3038 perscripti,
1286 2958 1289 2962 ⁴

171 3063 236 3128 iam
260 3041 298 3129 'hi
321 3064 490 3156 prodeunt
516 3064 716 3134 schedarum
740 3065 874 3131 numeri
897 3088 981 3158 quos
1006 3062 1092 3128 infra
1114 3061 1221 3154 posui.

473 3181 521 3246 VI
917 3177 966 3246 42

475 3296 523 3360 XI
915 3291 960 3360 ltl

415 3459 417 3462 ψ
477 3412 501 3477 Ι.
530 3412 571 3477 ΙΙ.
596 3412 644 3477 III
897 3413 963 3479 121

472 3528 505 3594 V
883 3572 894 3590 .
918 3523 963 3593 41

477 3645 526 3710 IV
918 3643 967 3709 42

478 3761 553 3829 VII.
580 3759 671 3825 VIII.
697 3758 755 3823 IX.
779 3759 811 3822 X
899 3754 968 3825 166

179 3875 331 3956 Quorum
365 3874 571 3940 concinnitas
603 3891 691 3939 tanta
725 3889 776 3938 cst
807 3891 843 3938 ut
874 3896 938 3936 nec
972 3871 1151 3964 quicquam
1178 3865 1266 3935 desi-

181 3988 334 4069 deretur,
361 4007 394 4054 ct
420 3990 502 4069 cius,
527 4013 627 4082 quem
651 3987 826 4078 priStinum
853 3984 1005 4065 diximuS,
1032 3982 1159 4050 ordinis
1186 4000 1270 4049 tam·

179 4104 242 4170 diu
267 4107 449 4171 necessitas
477 4103 701 4170 demonstrata
725 4103 783 4182 sit,
810 4099 969 4193 quamdiu
994 4125 1063 4166 non
1087 4100 1150 4166 alio
1178 4123 1270 4166 com·

175 4217 323 4313 ,putandi
348 4218 513 4310 exemplo,
543 4220 633 4285 cuius
659 4241 727 4284 non
752 4216 861 4281 minor
876 4218 918 4280 sit
931 4215 1143 4293 concinnitas,
1167 4213 1268 4279 alium

180 4359 284 4427 posse
299 4324 441 4427 partiu'm
462 4335 673 4403 disiectarum
689 4330 844 4399 ordinem
857 4332 1047 4425 excogitari,
1071 4330 1268 4398 ostenderis.

1269 4487 1273 4495 l
1389 4486 1393 4493 ¹
1424 4492 1428 4497 .

1353 4500 1429 4639 1

1248 4664 1253 4675 ι
