<?xml version="1.0" encoding="UTF-8"?>
<!DOCTYPE html PUBLIC "-//W3C//DTD XHTML 1.0 Transitional//EN"
    "http://www.w3.org/TR/xhtml1/DTD/xhtml1-transitional.dtd">
<html xmlns="http://www.w3.org/1999/xhtml" xml:lang="en" lang="en">
 <head>
  <title>
</title>
<meta http-equiv="Content-Type" content="text/html;charset=utf-8" />
  <meta name='ocr-system' content='tesseract 3.04.00' />
  <meta name='ocr-capabilities' content='ocr_page ocr_carea ocr_par ocr_line ocrx_word'/>
</head>
<body>
  <div class='ocr_page' id='page_1' title='image "./parergonplautin00ritsgoog_0564.png"; bbox 0 0 2872 4942; ppageno 0'>
   <div class='ocr_carea' id='block_1_1' title="bbox 188 190 1094 449">
    <p class='ocr_par' dir='ltr' id='par_1_1' title="bbox 188 190 1094 449">
     <span class='ocr_line' id='line_1_1' title="bbox 924 190 1094 273; baseline 0.018 -4"><span class='ocrx_word' id='word_1_1' title='bbox 924 190 982 269; x_wconf 51' lang='lat' dir='ltr'><strong>st·</strong></span> <span class='ocrx_word' id='word_1_2' title='bbox 1023 224 1048 273; x_wconf 63' lang='lat' dir='ltr'><strong>a.</strong></span> <span class='ocrx_word' id='word_1_3' title='bbox 1082 222 1094 243; x_wconf 87' lang='lat'><strong>·</strong></span> 
     </span>
     <span class='ocr_line' id='line_1_2' title="bbox 188 292 1088 449; baseline -0.018 -46"><span class='ocrx_word' id='word_1_4' title='bbox 188 331 258 404; x_wconf 84' lang='lat'><strong>516</strong></span> <span class='ocrx_word' id='word_1_5' title='bbox 504 357 546 396; x_wconf 84' lang='lat' dir='ltr'><strong>rx.</strong></span> <span class='ocrx_word' id='word_1_6' title='bbox 596 356 638 397; x_wconf 78' lang='lat' dir='ltr'><strong>na</strong></span> <span class='ocrx_word' id='word_1_7' title='bbox 666 292 957 449; x_wconf 46' lang='lat' dir='ltr'><strong>rurenrorfflortr</strong></span> <span class='ocrx_word' id='word_1_8' title='bbox 1004 338 1007 343; x_wconf 90' lang='lat'>&#39;</span> <span class='ocrx_word' id='word_1_9' title='bbox 1062 316 1088 387; x_wconf 58' lang='grc' dir='ltr'><strong>ζ*</strong></span> 
     </span>
    </p>
   </div>
   <div class='ocr_carea' id='block_1_2' title="bbox 188 474 1252 967">
    <p class='ocr_par' dir='ltr' id='par_1_2' title="bbox 189 474 1250 735">
     <span class='ocr_line' id='line_1_3' title="bbox 189 474 1250 635; baseline -0.004 -41"><span class='ocrx_word' id='word_1_10' title='bbox 189 551 352 622; x_wconf 74' lang='lat' dir='ltr'><strong>pervorse</strong></span> <span class='ocrx_word' id='word_1_11' title='bbox 368 523 478 612; x_wconf 73' lang='lat' dir='ltr'><strong>ja&#39;ota</strong></span> <span class='ocrx_word' id='word_1_12' title='bbox 502 541 594 605; x_wconf 84' lang='lat' dir='ltr'><strong>sunt,</strong></span> <span class='ocrx_word' id='word_1_13' title='bbox 621 525 699 615; x_wconf 77' lang='lat' dir='ltr'><strong>Ego</strong></span> <span class='ocrx_word' id='word_1_14' title='bbox 725 519 777 588; x_wconf 74' lang='lat' dir='ltr'><strong>md</strong></span> <span class='ocrx_word' id='word_1_15' title='bbox 804 548 832 591; x_wconf 86' lang='lat' dir='ltr'><strong>e.</strong></span> <span class='ocrx_word' id='word_1_16' title='bbox 825 538 881 635; x_wconf 40' lang='lat' dir='ltr'><strong>fl.</strong></span> <span class='ocrx_word' id='word_1_17' title='bbox 899 549 924 591; x_wconf 84' lang='lat' dir='ltr'><strong>s.</strong></span> <span class='ocrx_word' id='word_1_18' title='bbox 975 522 1076 592; x_wconf 83' lang='lat' dir='ltr'><strong>Mitto</strong></span> <span class='ocrx_word' id='word_1_19' title='bbox 1088 474 1206 591; x_wconf 80' lang='lat' dir='ltr'><strong>alit</strong></span> <span class='ocrx_word' id='word_1_20' title='bbox 1181 547 1250 591; x_wconf 74' lang='grc' dir='ltr'>οιιιι-</span> 
     </span>
     <span class='ocr_line' id='line_1_4' title="bbox 192 639 977 735; baseline -0.009 -24"><span class='ocrx_word' id='word_1_21' title='bbox 192 644 271 711; x_wconf 88' lang='lat' dir='ltr'><strong>dem</strong></span> <span class='ocrx_word' id='word_1_22' title='bbox 298 643 431 733; x_wconf 81' lang='lat' dir='ltr'><strong>generis</strong></span> <span class='ocrx_word' id='word_1_23' title='bbox 452 639 551 733; x_wconf 81' lang='lat' dir='ltr'><strong>longe</strong></span> <span class='ocrx_word' id='word_1_24' title='bbox 577 639 731 733; x_wconf 90' lang='lat' dir='ltr'><strong>plurima.</strong></span> <span class='ocrx_word' id='word_1_25' title='bbox 911 680 977 735; x_wconf 42' lang='grc' dir='ltr'><strong>Ἦ,</strong></span> 
     </span>
    </p>

    <p class='ocr_par' dir='ltr' id='par_1_3' title="bbox 188 753 1252 967">
     <span class='ocr_line' id='line_1_5' title="bbox 289 753 1251 824; baseline -0.005 0"><span class='ocrx_word' id='word_1_26' title='bbox 289 759 448 824; x_wconf 84' lang='lat' dir='ltr'><strong>Ceterum</strong></span> <span class='ocrx_word' id='word_1_27' title='bbox 473 755 568 822; x_wconf 90' lang='lat' dir='ltr'><strong>noli</strong></span> <span class='ocrx_word' id='word_1_28' title='bbox 570 756 734 822; x_wconf 87' lang='lat' dir='ltr'><strong>rariorem</strong></span> <span class='ocrx_word' id='word_1_29' title='bbox 768 771 823 820; x_wconf 86' lang='lat' dir='ltr'><strong>ast</strong></span> <span class='ocrx_word' id='word_1_30' title='bbox 849 753 990 820; x_wconf 90' lang='lat' dir='ltr'><strong>sormam</strong></span> <span class='ocrx_word' id='word_1_31' title='bbox 1016 754 1130 820; x_wconf 87' lang='lat' dir='ltr'><strong>mirari</strong></span> <span class='ocrx_word' id='word_1_32' title='bbox 1153 753 1221 819; x_wconf 86' lang='lat' dir='ltr'><strong>ab</strong></span> <span class='ocrx_word' id='word_1_33' title='bbox 1213 777 1251 819; x_wconf 87' lang='grc' dir='ltr'>ιιι-</span> 
     </span>
     <span class='ocr_line' id='line_1_6' title="bbox 188 870 1252 967; baseline -0.008 -25"><span class='ocrx_word' id='word_1_34' title='bbox 188 872 393 967; x_wconf 72' lang='grc' dir='ltr'><strong>ῑεηΙοΙιιιοιε</strong></span> <span class='ocrx_word' id='word_1_35' title='bbox 420 873 591 938; x_wconf 83' lang='lat' dir='ltr'><strong>intrusam.</strong></span> <span class='ocrx_word' id='word_1_36' title='bbox 637 872 722 938; x_wconf 87' lang='lat' dir='ltr'><strong>Nam</strong></span> <span class='ocrx_word' id='word_1_37' title='bbox 744 872 778 937; x_wconf 89' lang='lat' dir='ltr'><strong>iu</strong></span> <span class='ocrx_word' id='word_1_38' title='bbox 805 870 1010 938; x_wconf 90' lang='lat' dir='ltr'><strong>Bacchidum</strong></span> <span class='ocrx_word' id='word_1_39' title='bbox 1036 895 1172 963; x_wconf 89' lang='lat' dir='ltr'><strong>quoque</strong></span> <span class='ocrx_word' id='word_1_40' title='bbox 1190 894 1252 961; x_wconf 88' lang='lat' dir='ltr'><strong>sup-</strong></span> 
     </span>
    </p>
   </div>
   <div class='ocr_carea' id='block_1_3' title="bbox 94 985 1298 1083">
    <p class='ocr_par' dir='ltr' id='par_1_4' title="bbox 94 985 1298 1083">
     <span class='ocr_line' id='line_1_7' title="bbox 94 985 1298 1083; baseline -0.007 -24"><span class='ocrx_word' id='word_1_41' title='bbox 94 1012 105 1033; x_wconf 85' lang='lat'><strong>·</strong></span> <span class='ocrx_word' id='word_1_42' title='bbox 188 990 342 1083; x_wconf 89' lang='lat' dir='ltr'><strong>positicio</strong></span> <span class='ocrx_word' id='word_1_43' title='bbox 375 1014 474 1055; x_wconf 88' lang='lat' dir='ltr'><strong>versu</strong></span> <span class='ocrx_word' id='word_1_44' title='bbox 499 989 561 1068; x_wconf 92' lang='grc' dir='ltr'><strong>ΙΙΙ,</strong></span> <span class='ocrx_word' id='word_1_45' title='bbox 584 985 617 1067; x_wconf 76' lang='grc'><strong>4,</strong></span> <span class='ocrx_word' id='word_1_46' title='bbox 645 991 692 1057; x_wconf 93' lang='grc'><strong>22</strong></span> <span class='ocrx_word' id='word_1_47' title='bbox 723 989 859 1055; x_wconf 89' lang='lat' dir='ltr'><strong>minime</strong></span> <span class='ocrx_word' id='word_1_48' title='bbox 892 986 1035 1080; x_wconf 84' lang='lat' dir='ltr'><strong>vulgaris</strong></span> <span class='ocrx_word' id='word_1_49' title='bbox 1069 985 1132 1052; x_wconf 84' lang='lat' dir='ltr'><strong>sed</strong></span> <span class='ocrx_word' id='word_1_50' title='bbox 1160 1001 1253 1051; x_wconf 80' lang='lat' dir='ltr'><strong>autem</strong></span> <span class='ocrx_word' id='word_1_51' title='bbox 1296 988 1298 1025; x_wconf 74' lang='lat'><em>²</em></span> 
     </span>
    </p>
   </div>
   <div class='ocr_carea' id='block_1_4' title="bbox 187 1098 1298 1198">
    <p class='ocr_par' dir='ltr' id='par_1_5' title="bbox 187 1098 1298 1198">
     <span class='ocr_line' id='line_1_8' title="bbox 187 1098 1298 1198; baseline -0.003 -27"><span class='ocrx_word' id='word_1_52' title='bbox 187 1105 425 1198; x_wconf 87' lang='lat' dir='ltr'><strong>particularum</strong></span> <span class='ocrx_word' id='word_1_53' title='bbox 468 1105 658 1171; x_wconf 89' lang='lat' dir='ltr'><strong>coniunctio</strong></span> <span class='ocrx_word' id='word_1_54' title='bbox 700 1103 778 1170; x_wconf 86' lang='lat' dir='ltr'><strong>solis</strong></span> <span class='ocrx_word' id='word_1_55' title='bbox 816 1102 960 1169; x_wconf 86' lang='lat' dir='ltr'><strong>debetur</strong></span> <span class='ocrx_word' id='word_1_56' title='bbox 994 1103 1219 1196; x_wconf 79' lang='lat' dir='ltr'><strong>grammaticis.</strong></span> <span class='ocrx_word' id='word_1_57' title='bbox 1231 1098 1252 1183; x_wconf 75' lang='lat' dir='ltr'><strong>*l</strong></span> <span class='ocrx_word' id='word_1_58' title='bbox 1295 1106 1298 1167; x_wconf 74' lang='lat' dir='ltr'><strong>l</strong></span> 
     </span>
    </p>
   </div>
   <div class='ocr_carea' id='block_1_5' title="bbox 188 1210 1298 1429">
    <p class='ocr_par' dir='ltr' id='par_1_6' title="bbox 188 1210 1298 1429">
     <span class='ocr_line' id='line_1_9' title="bbox 188 1210 1298 1314; baseline -0.009 -26"><span class='ocrx_word' id='word_1_59' title='bbox 188 1222 291 1288; x_wconf 87' lang='lat' dir='ltr'><strong>Cuius</strong></span> <span class='ocrx_word' id='word_1_60' title='bbox 318 1217 602 1314; x_wconf 86' lang='lat' dir='ltr'><strong>quemadmodum</strong></span> <span class='ocrx_word' id='word_1_61' title='bbox 628 1217 696 1285; x_wconf 94' lang='lat' dir='ltr'><strong>duo</strong></span> <span class='ocrx_word' id='word_1_62' title='bbox 723 1238 846 1286; x_wconf 91' lang='lat' dir='ltr'><strong>tautum</strong></span> <span class='ocrx_word' id='word_1_63' title='bbox 871 1236 1048 1310; x_wconf 86' lang='lat' dir='ltr'><strong>praeterea</strong></span> <span class='ocrx_word' id='word_1_64' title='bbox 1073 1215 1253 1311; x_wconf 76' lang='lat' dir='ltr'><strong>exemplaria</strong></span> <span class='ocrx_word' id='word_1_65' title='bbox 1296 1210 1298 1265; x_wconf 74' lang='grc' dir='ltr'><strong>ἶ</strong></span> 
     </span>
     <span class='ocr_line' id='line_1_10' title="bbox 188 1331 1298 1429; baseline -0.007 -28"><span class='ocrx_word' id='word_1_66' title='bbox 188 1353 347 1429; x_wconf 88' lang='lat' dir='ltr'><strong>promptu</strong></span> <span class='ocrx_word' id='word_1_67' title='bbox 372 1353 457 1416; x_wconf 83' lang='lat' dir='ltr'><strong>sunt,</strong></span> <span class='ocrx_word' id='word_1_68' title='bbox 481 1333 565 1403; x_wconf 86' lang='lat' dir='ltr'><strong>Rud.</strong></span> <span class='ocrx_word' id='word_1_69' title='bbox 592 1335 634 1416; x_wconf 93' lang='lat' dir='ltr'><strong>ll,</strong></span> <span class='ocrx_word' id='word_1_70' title='bbox 664 1336 697 1414; x_wconf 85' lang='lat'><strong>5,</strong></span> <span class='ocrx_word' id='word_1_71' title='bbox 728 1336 770 1402; x_wconf 83' lang='lat'><strong>15</strong></span> <span class='ocrx_word' id='word_1_72' title='bbox 800 1354 832 1401; x_wconf 88' lang='lat' dir='ltr'><strong>et</strong></span> <span class='ocrx_word' id='word_1_73' title='bbox 854 1333 992 1402; x_wconf 89' lang='lat' dir='ltr'><strong>Trucul.</strong></span> <span class='ocrx_word' id='word_1_74' title='bbox 1019 1335 1060 1413; x_wconf 92' lang='lat' dir='ltr'><strong>ll,</strong></span> <span class='ocrx_word' id='word_1_75' title='bbox 1084 1336 1118 1413; x_wconf 89' lang='grc'><strong>3,</strong></span> <span class='ocrx_word' id='word_1_76' title='bbox 1147 1331 1204 1412; x_wconf 77' lang='lat' dir='ltr'><strong>tt,</strong></span> <span class='ocrx_word' id='word_1_77' title='bbox 1222 1331 1253 1394; x_wconf 83' lang='lat' dir='ltr'><strong>ita</strong></span> <span class='ocrx_word' id='word_1_78' title='bbox 1296 1370 1298 1383; x_wconf 55' lang='grc' dir='ltr'>ι</span> 
     </span>
    </p>
   </div>
   <div class='ocr_carea' id='block_1_6' title="bbox 192 1446 1298 1543">
    <p class='ocr_par' dir='ltr' id='par_1_7' title="bbox 192 1446 1298 1543">
     <span class='ocr_line' id='line_1_11' title="bbox 192 1446 1298 1543; baseline -0.007 -25"><span class='ocrx_word' id='word_1_79' title='bbox 192 1455 289 1519; x_wconf 87' lang='lat' dir='ltr'><strong>etiam</strong></span> <span class='ocrx_word' id='word_1_80' title='bbox 315 1468 370 1518; x_wconf 87' lang='lat' dir='ltr'><strong>ast</strong></span> <span class='ocrx_word' id='word_1_81' title='bbox 396 1453 517 1531; x_wconf 88' lang='lat' dir='ltr'><strong>forma,</strong></span> <span class='ocrx_word' id='word_1_82' title='bbox 553 1475 620 1517; x_wconf 92' lang='lat' dir='ltr'><strong>non</strong></span> <span class='ocrx_word' id='word_1_83' title='bbox 646 1450 844 1543; x_wconf 84' lang='lat' dir='ltr'><strong>infrequens</strong></span> <span class='ocrx_word' id='word_1_84' title='bbox 873 1476 1012 1533; x_wconf 64' lang='lat' dir='ltr'><strong>cacum</strong></span> <span class='ocrx_word' id='word_1_85' title='bbox 1035 1453 1071 1516; x_wconf 89' lang='lat' dir='ltr'><strong>in</strong></span> <span class='ocrx_word' id='word_1_86' title='bbox 1096 1446 1254 1516; x_wconf 83' lang='lat' dir='ltr'><strong>vetustissi·</strong></span> <span class='ocrx_word' id='word_1_87' title='bbox 1296 1466 1298 1537; x_wconf 47' lang='grc' dir='ltr'><strong>ᾗ</strong></span> 
     </span>
    </p>
   </div>
   <div class='ocr_carea' id='block_1_7' title="bbox 189 1564 1298 1660">
    <p class='ocr_par' dir='ltr' id='par_1_8' title="bbox 189 1564 1298 1660">
     <span class='ocr_line' id='line_1_12' title="bbox 189 1564 1298 1660; baseline -0.007 -27"><span class='ocrx_word' id='word_1_88' title='bbox 189 1594 242 1633; x_wconf 90' lang='lat' dir='ltr'><strong>ma</strong></span> <span class='ocrx_word' id='word_1_89' title='bbox 267 1567 426 1634; x_wconf 81' lang='lat' dir='ltr'><strong>latinitate</strong></span> <span class='ocrx_word' id='word_1_90' title='bbox 453 1584 522 1633; x_wconf 93' lang='lat' dir='ltr'><strong>tum</strong></span> <span class='ocrx_word' id='word_1_91' title='bbox 550 1564 640 1657; x_wconf 86' lang='lat' dir='ltr'><strong>apud</strong></span> <span class='ocrx_word' id='word_1_92' title='bbox 666 1567 873 1660; x_wconf 79' lang='lat' dir='ltr'><strong>posteriores</strong></span> <span class='ocrx_word' id='word_1_93' title='bbox 899 1583 1026 1658; x_wconf 87' lang='lat' dir='ltr'><strong>poetas,</strong></span> <span class='ocrx_word' id='word_1_94' title='bbox 1052 1588 1190 1657; x_wconf 90' lang='lat' dir='ltr'><strong>prorsus</strong></span> <span class='ocrx_word' id='word_1_95' title='bbox 1212 1587 1254 1626; x_wconf 91' lang='lat' dir='ltr'><strong>au·</strong></span> <span class='ocrx_word' id='word_1_96' title='bbox 1296 1576 1298 1601; x_wconf 85' lang='lat'><strong>¹</strong></span> 
     </span>
    </p>
   </div>
   <div class='ocr_carea' id='block_1_8' title="bbox 188 1678 1255 2700">
    <p class='ocr_par' dir='ltr' id='par_1_9' title="bbox 188 1678 1255 2700">
     <span class='ocr_line' id='line_1_13' title="bbox 189 1678 1254 1761; baseline -0.01 -12"><span class='ocrx_word' id='word_1_97' title='bbox 189 1702 256 1750; x_wconf 88' lang='lat' dir='ltr'><strong>tem</strong></span> <span class='ocrx_word' id='word_1_98' title='bbox 285 1681 393 1748; x_wconf 90' lang='lat' dir='ltr'><strong>aliena</strong></span> <span class='ocrx_word' id='word_1_99' title='bbox 418 1709 435 1746; x_wconf 89' lang='lat' dir='ltr'><strong>a</strong></span> <span class='ocrx_word' id='word_1_100' title='bbox 459 1682 640 1761; x_wconf 88' lang='lat' dir='ltr'><strong>Terentio,</strong></span> <span class='ocrx_word' id='word_1_101' title='bbox 679 1681 732 1746; x_wconf 90' lang='lat' dir='ltr'><strong>bis</strong></span> <span class='ocrx_word' id='word_1_102' title='bbox 765 1698 889 1746; x_wconf 91' lang='lat' dir='ltr'><strong>tantum</strong></span> <span class='ocrx_word' id='word_1_103' title='bbox 927 1680 961 1745; x_wconf 91' lang='lat' dir='ltr'><strong>in</strong></span> <span class='ocrx_word' id='word_1_104' title='bbox 994 1679 1155 1746; x_wconf 86' lang='lat' dir='ltr'><strong>Plautinis</strong></span> <span class='ocrx_word' id='word_1_105' title='bbox 1179 1678 1254 1744; x_wconf 88' lang='lat' dir='ltr'><strong>libris</strong></span> 
     </span>
     <span class='ocr_line' id='line_1_14' title="bbox 191 1796 1255 1888; baseline -0.008 -24"><span class='ocrx_word' id='word_1_106' title='bbox 191 1797 294 1864; x_wconf 87' lang='lat' dir='ltr'><strong>hodie</strong></span> <span class='ocrx_word' id='word_1_107' title='bbox 325 1814 438 1876; x_wconf 87' lang='lat' dir='ltr'><strong>exstat,</strong></span> <span class='ocrx_word' id='word_1_108' title='bbox 463 1798 558 1888; x_wconf 89' lang='lat' dir='ltr'><strong>Capt.</strong></span> <span class='ocrx_word' id='word_1_109' title='bbox 586 1796 646 1876; x_wconf 93' lang='grc' dir='ltr'><strong>ΙΙΙ,</strong></span> <span class='ocrx_word' id='word_1_110' title='bbox 661 1798 694 1875; x_wconf 84' lang='grc'><strong>5,</strong></span> <span class='ocrx_word' id='word_1_111' title='bbox 710 1798 755 1864; x_wconf 83' lang='grc'><strong>25</strong></span> <span class='ocrx_word' id='word_1_112' title='bbox 784 1815 817 1862; x_wconf 85' lang='lat' dir='ltr'><strong>et</strong></span> <span class='ocrx_word' id='word_1_113' title='bbox 841 1798 948 1862; x_wconf 89' lang='lat' dir='ltr'><strong>Merc.</strong></span> <span class='ocrx_word' id='word_1_114' title='bbox 976 1796 1019 1876; x_wconf 95' lang='grc' dir='ltr'><strong>ΙΙ,</strong></span> <span class='ocrx_word' id='word_1_115' title='bbox 1047 1797 1151 1875; x_wconf 89' lang='grc'><strong>1,22,</strong></span> <span class='ocrx_word' id='word_1_116' title='bbox 1176 1817 1255 1887; x_wconf 88' lang='lat' dir='ltr'><strong>prae-</strong></span> 
     </span>
     <span class='ocr_line' id='line_1_15' title="bbox 191 1907 1252 2006; baseline -0.008 -28"><span class='ocrx_word' id='word_1_117' title='bbox 191 1909 612 2006; x_wconf 57' lang='lat' dir='ltr'><strong>tereaquer&#39;probabiliter</strong></span> <span class='ocrx_word' id='word_1_118' title='bbox 653 1914 688 1977; x_wconf 93' lang='lat' dir='ltr'><strong>in</strong></span> <span class='ocrx_word' id='word_1_119' title='bbox 727 1928 765 1977; x_wconf 89' lang='lat' dir='ltr'><strong>at</strong></span> <span class='ocrx_word' id='word_1_120' title='bbox 800 1911 983 2004; x_wconf 82' lang='lat' dir='ltr'><strong>particulae</strong></span> <span class='ocrx_word' id='word_1_121' title='bbox 1023 1910 1136 1978; x_wconf 89' lang='lat' dir='ltr'><strong>locum</strong></span> <span class='ocrx_word' id='word_1_122' title='bbox 1172 1907 1252 1975; x_wconf 89' lang='lat' dir='ltr'><strong>metri</strong></span> 
     </span>
     <span class='ocr_line' id='line_1_16' title="bbox 192 2026 1255 2106; baseline -0.008 -12"><span class='ocrx_word' id='word_1_123' title='bbox 192 2053 305 2094; x_wconf 83' lang='lat' dir='ltr'><strong>caussa</strong></span> <span class='ocrx_word' id='word_1_124' title='bbox 330 2055 348 2094; x_wconf 91' lang='lat' dir='ltr'><strong>a</strong></span> <span class='ocrx_word' id='word_1_125' title='bbox 372 2028 492 2095; x_wconf 89' lang='lat' dir='ltr'><strong>Bothio</strong></span> <span class='ocrx_word' id='word_1_126' title='bbox 527 2029 702 2094; x_wconf 87' lang='lat' dir='ltr'><strong>substituta</strong></span> <span class='ocrx_word' id='word_1_127' title='bbox 736 2047 785 2094; x_wconf 87' lang='lat' dir='ltr'><strong>est</strong></span> <span class='ocrx_word' id='word_1_128' title='bbox 814 2030 924 2095; x_wconf 79' lang='lat' dir='ltr'><strong>Mero.</strong></span> <span class='ocrx_word' id='word_1_129' title='bbox 950 2029 990 2105; x_wconf 86' lang='lat' dir='ltr'><strong>V,</strong></span> <span class='ocrx_word' id='word_1_130' title='bbox 1017 2030 1050 2106; x_wconf 85' lang='lat'><strong>3,</strong></span> <span class='ocrx_word' id='word_1_131' title='bbox 1078 2026 1102 2097; x_wconf 84' lang='grc'>4</span> <span class='ocrx_word' id='word_1_132' title='bbox 1127 2042 1160 2093; x_wconf 84' lang='lat' dir='ltr'><strong>et</strong></span> <span class='ocrx_word' id='word_1_133' title='bbox 1183 2027 1255 2090; x_wconf 82' lang='lat' dir='ltr'><strong>Pers.</strong></span> 
     </span>
     <span class='ocr_line' id='line_1_17' title="bbox 188 2139 1254 2224; baseline -0.008 -14"><span class='ocrx_word' id='word_1_134' title='bbox 188 2144 231 2224; x_wconf 90' lang='grc' dir='ltr'><strong>ΙΙ,</strong></span> <span class='ocrx_word' id='word_1_135' title='bbox 253 2148 285 2222; x_wconf 83' lang='grc'><strong>2,</strong></span> <span class='ocrx_word' id='word_1_136' title='bbox 313 2141 370 2213; x_wconf 87' lang='grc'><strong>66.</strong></span> <span class='ocrx_word' id='word_1_137' title='bbox 428 2144 556 2210; x_wconf 89' lang='lat' dir='ltr'><strong>Verum</strong></span> <span class='ocrx_word' id='word_1_138' title='bbox 592 2146 682 2210; x_wconf 86' lang='lat' dir='ltr'><strong>enim</strong></span> <span class='ocrx_word' id='word_1_139' title='bbox 714 2168 795 2210; x_wconf 86' lang='lat' dir='ltr'><strong>vero</strong></span> <span class='ocrx_word' id='word_1_140' title='bbox 825 2142 916 2209; x_wconf 89' lang='lat' dir='ltr'><strong>haud</strong></span> <span class='ocrx_word' id='word_1_141' title='bbox 951 2144 1020 2209; x_wconf 90' lang='lat' dir='ltr'><strong>scio</strong></span> <span class='ocrx_word' id='word_1_142' title='bbox 1053 2168 1097 2207; x_wconf 90' lang='lat' dir='ltr'><strong>an</strong></span> <span class='ocrx_word' id='word_1_143' title='bbox 1136 2139 1254 2207; x_wconf 86' lang='lat' dir='ltr'><strong>ulterius</strong></span> 
     </span>
     <span class='ocr_line' id='line_1_18' title="bbox 188 2255 1254 2354; baseline -0.008 -27"><span class='ocrx_word' id='word_1_144' title='bbox 188 2258 478 2354; x_wconf 83' lang='lat' dir='ltr'><strong>progrediendum</strong></span> <span class='ocrx_word' id='word_1_145' title='bbox 503 2284 543 2327; x_wconf 83' lang='lat' dir='ltr'><strong>ac</strong></span> <span class='ocrx_word' id='word_1_146' title='bbox 568 2286 611 2325; x_wconf 90' lang='lat' dir='ltr'><strong>ne</strong></span> <span class='ocrx_word' id='word_1_147' title='bbox 635 2279 780 2352; x_wconf 89' lang='lat' dir='ltr'><strong>propter</strong></span> <span class='ocrx_word' id='word_1_148' title='bbox 800 2261 1045 2352; x_wconf 83' lang='lat' dir='ltr'><strong>grammaticam</strong></span> <span class='ocrx_word' id='word_1_149' title='bbox 1064 2255 1197 2350; x_wconf 89' lang='lat' dir='ltr'><strong>quidem</strong></span> <span class='ocrx_word' id='word_1_150' title='bbox 1215 2279 1254 2319; x_wconf 84' lang='lat' dir='ltr'><strong>ra·</strong></span> 
     </span>
     <span class='ocr_line' id='line_1_19' title="bbox 189 2369 1253 2444; baseline -0.009 -2"><span class='ocrx_word' id='word_1_151' title='bbox 189 2379 314 2444; x_wconf 86' lang='lat' dir='ltr'><strong>tionem</strong></span> <span class='ocrx_word' id='word_1_152' title='bbox 338 2375 499 2442; x_wconf 89' lang='lat' dir='ltr'><strong>tralaticio</strong></span> <span class='ocrx_word' id='word_1_153' title='bbox 522 2374 571 2440; x_wconf 94' lang='lat' dir='ltr'><strong>illi</strong></span> <span class='ocrx_word' id='word_1_154' title='bbox 599 2377 634 2440; x_wconf 90' lang='lat' dir='ltr'><strong>in</strong></span> <span class='ocrx_word' id='word_1_155' title='bbox 659 2376 849 2442; x_wconf 87' lang='lat' dir='ltr'><strong>Trinummi</strong></span> <span class='ocrx_word' id='word_1_156' title='bbox 880 2401 980 2442; x_wconf 89' lang='lat' dir='ltr'><strong>versu</strong></span> <span class='ocrx_word' id='word_1_157' title='bbox 1012 2390 1068 2440; x_wconf 84' lang='lat' dir='ltr'><strong>ast</strong></span> <span class='ocrx_word' id='word_1_158' title='bbox 1100 2372 1182 2439; x_wconf 89' lang='lat' dir='ltr'><strong>fides</strong></span> <span class='ocrx_word' id='word_1_159' title='bbox 1208 2369 1253 2434; x_wconf 87' lang='lat' dir='ltr'><strong>ha·</strong></span> 
     </span>
     <span class='ocr_line' id='line_1_20' title="bbox 189 2487 1252 2587; baseline -0.008 -28"><span class='ocrx_word' id='word_1_160' title='bbox 189 2491 302 2559; x_wconf 79' lang='lat' dir='ltr'><strong>banda</strong></span> <span class='ocrx_word' id='word_1_161' title='bbox 329 2493 379 2558; x_wconf 84' lang='lat' dir='ltr'><strong>sit.</strong></span> <span class='ocrx_word' id='word_1_162' title='bbox 432 2494 562 2557; x_wconf 84' lang='lat' dir='ltr'><strong>Etenim</strong></span> <span class='ocrx_word' id='word_1_163' title='bbox 591 2494 625 2557; x_wconf 88' lang='lat' dir='ltr'><strong>in</strong></span> <span class='ocrx_word' id='word_1_164' title='bbox 650 2492 812 2585; x_wconf 89' lang='lat' dir='ltr'><strong>bipertito</strong></span> <span class='ocrx_word' id='word_1_165' title='bbox 840 2493 1029 2587; x_wconf 88' lang='lat' dir='ltr'><strong>enuntiato,</strong></span> <span class='ocrx_word' id='word_1_166' title='bbox 1066 2490 1157 2558; x_wconf 85' lang='lat' dir='ltr'><strong>euius</strong></span> <span class='ocrx_word' id='word_1_167' title='bbox 1180 2487 1252 2580; x_wconf 84' lang='lat' dir='ltr'><strong>prius</strong></span> 
     </span>
     <span class='ocr_line' id='line_1_21' title="bbox 188 2604 1253 2700; baseline -0.008 -28"><span class='ocrx_word' id='word_1_168' title='bbox 188 2608 376 2672; x_wconf 86' lang='lat' dir='ltr'><strong>membrum</strong></span> <span class='ocrx_word' id='word_1_169' title='bbox 402 2609 589 2699; x_wconf 83' lang='lat' dir='ltr'><strong>negativum</strong></span> <span class='ocrx_word' id='word_1_170' title='bbox 618 2608 667 2686; x_wconf 81' lang='lat' dir='ltr'><strong>sit,</strong></span> <span class='ocrx_word' id='word_1_171' title='bbox 693 2609 858 2700; x_wconf 85' lang='lat' dir='ltr'><strong>posterius</strong></span> <span class='ocrx_word' id='word_1_172' title='bbox 886 2625 993 2673; x_wconf 89' lang='lat' dir='ltr'><strong>autem</strong></span> <span class='ocrx_word' id='word_1_173' title='bbox 1020 2630 1090 2672; x_wconf 90' lang='lat' dir='ltr'><strong>non</strong></span> <span class='ocrx_word' id='word_1_174' title='bbox 1110 2604 1253 2671; x_wconf 83' lang='lat' dir='ltr'><strong>diversum</strong></span> 
     </span>
    </p>
   </div>
   <div class='ocr_carea' id='block_1_9' title="bbox 191 2720 1253 2814">
    <p class='ocr_par' dir='ltr' id='par_1_10' title="bbox 191 2718 1298 2814">
     <span class='ocr_line' id='line_1_22' title="bbox 191 2720 1253 2814; baseline -0.006 -27"><span class='ocrx_word' id='word_1_175' title='bbox 191 2749 209 2787; x_wconf 94' lang='lat' dir='ltr'><strong>a</strong></span> <span class='ocrx_word' id='word_1_176' title='bbox 235 2724 348 2814; x_wconf 88' lang='lat' dir='ltr'><strong>priore</strong></span> <span class='ocrx_word' id='word_1_177' title='bbox 375 2723 562 2788; x_wconf 89' lang='lat' dir='ltr'><strong>subiectum</strong></span> <span class='ocrx_word' id='word_1_178' title='bbox 588 2722 724 2799; x_wconf 86' lang='lat' dir='ltr'><strong>habeat,</strong></span> <span class='ocrx_word' id='word_1_179' title='bbox 750 2747 817 2788; x_wconf 88' lang='lat' dir='ltr'><strong>nou</strong></span> <span class='ocrx_word' id='word_1_180' title='bbox 845 2723 982 2788; x_wconf 89' lang='lat' dir='ltr'><strong>memini</strong></span> <span class='ocrx_word' id='word_1_181' title='bbox 1008 2720 1150 2788; x_wconf 76' lang='lat' dir='ltr'><strong>alterum</strong></span> <span class='ocrx_word' id='word_1_182' title='bbox 1172 2739 1253 2784; x_wconf 88' lang='lat' dir='ltr'><strong>mem·</strong></span> 
     </span>
    </p>
   </div>
   <div class='ocr_carea' id='block_1_10' title="bbox 190 2828 1298 2930">
    <p class='ocr_par' dir='ltr' id='par_1_11' title="bbox 190 2828 1298 2930">
     <span class='ocr_line' id='line_1_23' title="bbox 190 2828 1298 2930; baseline -0.005 -28"><span class='ocrx_word' id='word_1_183' title='bbox 190 2838 288 2902; x_wconf 86' lang='lat' dir='ltr'><strong>hrum</strong></span> <span class='ocrx_word' id='word_1_184' title='bbox 317 2839 356 2902; x_wconf 88' lang='lat' dir='ltr'><strong>ab</strong></span> <span class='ocrx_word' id='word_1_185' title='bbox 392 2856 429 2902; x_wconf 86' lang='lat' dir='ltr'><strong>at</strong></span> <span class='ocrx_word' id='word_1_186' title='bbox 460 2836 621 2930; x_wconf 84' lang='lat' dir='ltr'><strong>particula</strong></span> <span class='ocrx_word' id='word_1_187' title='bbox 657 2839 723 2903; x_wconf 87' lang='lat' dir='ltr'><strong>nisi</strong></span> <span class='ocrx_word' id='word_1_188' title='bbox 747 2841 791 2904; x_wconf 86' lang='lat' dir='ltr'><strong>ita</strong></span> <span class='ocrx_word' id='word_1_189' title='bbox 817 2838 942 2917; x_wconf 89' lang='lat' dir='ltr'><strong>ordiri,</strong></span> <span class='ocrx_word' id='word_1_190' title='bbox 977 2839 1085 2904; x_wconf 82' lang='lat' dir='ltr'><strong>utris</strong></span> <span class='ocrx_word' id='word_1_191' title='bbox 1113 2832 1253 2929; x_wconf 84' lang='lat' dir='ltr'><strong>quaedam</strong></span> <span class='ocrx_word' id='word_1_192' title='bbox 1296 2828 1298 2835; x_wconf 50' lang='lat'><strong>¹</strong></span> 
     </span>
    </p>
   </div>
   <div class='ocr_carea' id='block_1_11' title="bbox 180 2951 1280 4202">
    <p class='ocr_par' dir='ltr' id='par_1_12' title="bbox 180 2951 1280 4202">
     <span class='ocr_line' id='line_1_24' title="bbox 194 2951 1253 3047; baseline -0.006 -29"><span class='ocrx_word' id='word_1_193' title='bbox 194 2952 302 3018; x_wconf 84' lang='lat' dir='ltr'><strong>ethica</strong></span> <span class='ocrx_word' id='word_1_194' title='bbox 328 2953 465 3019; x_wconf 87' lang='lat' dir='ltr'><strong>accedat</strong></span> <span class='ocrx_word' id='word_1_195' title='bbox 491 2981 508 3018; x_wconf 91' lang='lat' dir='ltr'><strong>e</strong></span> <span class='ocrx_word' id='word_1_196' title='bbox 541 2953 707 3047; x_wconf 90' lang='lat' dir='ltr'><strong>loquentis</strong></span> <span class='ocrx_word' id='word_1_197' title='bbox 735 2956 843 3021; x_wconf 90' lang='lat' dir='ltr'><strong>animo</strong></span> <span class='ocrx_word' id='word_1_198' title='bbox 870 2954 1038 3047; x_wconf 88' lang='lat' dir='ltr'><strong>profecta:</strong></span> <span class='ocrx_word' id='word_1_199' title='bbox 1078 2951 1170 3019; x_wconf 88' lang='lat' dir='ltr'><strong>velut</strong></span> <span class='ocrx_word' id='word_1_200' title='bbox 1199 2969 1253 3016; x_wconf 86' lang='lat' dir='ltr'><strong>cam</strong></span> 
     </span>
     <span class='ocr_line' id='line_1_25' title="bbox 192 3048 1253 3159; baseline 0.001 -30"><span class='ocrx_word' id='word_1_201' title='bbox 192 3090 253 3132; x_wconf 90' lang='lat' dir='ltr'><strong>nos</strong></span> <span class='ocrx_word' id='word_1_202' title='bbox 281 3065 363 3133; x_wconf 83' lang='lat' dir='ltr'><strong>aber</strong></span> <span class='ocrx_word' id='word_1_203' title='bbox 388 3069 494 3145; x_wconf 81' lang='lat' dir='ltr'><strong>wohl,</strong></span> <span class='ocrx_word' id='word_1_204' title='bbox 530 3068 615 3135; x_wconf 82' lang='lat' dir='ltr'><strong>aber</strong></span> <span class='ocrx_word' id='word_1_205' title='bbox 641 3048 832 3159; x_wconf 64' lang='lat' dir='ltr'><strong>allerdings</strong></span> <span class='ocrx_word' id='word_1_206' title='bbox 865 3068 1016 3136; x_wconf 89' lang='lat' dir='ltr'><strong>dicimus.</strong></span> <span class='ocrx_word' id='word_1_207' title='bbox 1068 3069 1161 3135; x_wconf 90' lang='lat' dir='ltr'><strong>Haec</strong></span> <span class='ocrx_word' id='word_1_208' title='bbox 1187 3061 1253 3130; x_wconf 77' lang='lat' dir='ltr'><strong>euim</strong></span> 
     </span>
     <span class='ocr_line' id='line_1_26' title="bbox 191 3169 1253 3275; baseline 0 -28"><span class='ocrx_word' id='word_1_209' title='bbox 191 3206 269 3247; x_wconf 86' lang='lat' dir='ltr'><strong>vera</strong></span> <span class='ocrx_word' id='word_1_210' title='bbox 294 3183 378 3248; x_wconf 89' lang='lat' dir='ltr'><strong>ratio</strong></span> <span class='ocrx_word' id='word_1_211' title='bbox 405 3203 454 3250; x_wconf 89' lang='lat' dir='ltr'><strong>est</strong></span> <span class='ocrx_word' id='word_1_212' title='bbox 481 3209 596 3250; x_wconf 89' lang='lat' dir='ltr'><strong>eorum</strong></span> <span class='ocrx_word' id='word_1_213' title='bbox 625 3210 709 3275; x_wconf 89' lang='lat' dir='ltr'><strong>quae</strong></span> <span class='ocrx_word' id='word_1_214' title='bbox 734 3187 770 3250; x_wconf 90' lang='lat' dir='ltr'><strong>in</strong></span> <span class='ocrx_word' id='word_1_215' title='bbox 797 3183 919 3250; x_wconf 89' lang='lat' dir='ltr'><strong>Haudii</strong></span> <span class='ocrx_word' id='word_1_216' title='bbox 945 3181 1093 3250; x_wconf 83' lang='lat' dir='ltr'><strong>Tursell</strong></span> <span class='ocrx_word' id='word_1_217' title='bbox 1116 3184 1141 3269; x_wconf 88' lang='lat' dir='ltr'><strong>l,</strong></span> <span class='ocrx_word' id='word_1_218' title='bbox 1160 3169 1253 3274; x_wconf 52' lang='lat' dir='ltr'><strong>pati</strong></span> 
     </span>
     <span class='ocr_line' id='line_1_27' title="bbox 180 3297 1258 3391; baseline -0.005 -27"><span class='ocrx_word' id='word_1_219' title='bbox 180 3315 350 3390; x_wconf 73' lang='lat' dir='ltr'><strong>‘congesta</strong></span> <span class='ocrx_word' id='word_1_220' title='bbox 375 3301 492 3382; x_wconf 87' lang='lat' dir='ltr'><strong>habes,</strong></span> <span class='ocrx_word' id='word_1_221' title='bbox 518 3318 554 3365; x_wconf 89' lang='lat' dir='ltr'><strong>ut</strong></span> <span class='ocrx_word' id='word_1_222' title='bbox 579 3298 728 3365; x_wconf 89' lang='lat' dir='ltr'><strong>Tulliani</strong></span> <span class='ocrx_word' id='word_1_223' title='bbox 750 3300 855 3367; x_wconf 89' lang='lat' dir='ltr'><strong>illius:</strong></span> <span class='ocrx_word' id='word_1_224' title='bbox 882 3325 954 3366; x_wconf 85' lang='lat' dir='ltr'><strong>uon</strong></span> <span class='ocrx_word' id='word_1_225' title='bbox 980 3297 1258 3391; x_wconf 75' lang='lat' dir='ltr'><strong>cognoscebantur</strong></span> 
     </span>
     <span class='ocr_line' id='line_1_28' title="bbox 185 3408 1262 3504; baseline -0.002 -27"><span class='ocrx_word' id='word_1_226' title='bbox 185 3416 300 3500; x_wconf 82' lang='lat' dir='ltr'><strong>foris,</strong></span> <span class='ocrx_word' id='word_1_227' title='bbox 326 3431 364 3478; x_wconf 85' lang='lat' dir='ltr'><strong>ot</strong></span> <span class='ocrx_word' id='word_1_228' title='bbox 386 3413 493 3489; x_wconf 83' lang='lat' dir='ltr'><strong>domi,</strong></span> <span class='ocrx_word' id='word_1_229' title='bbox 518 3439 589 3480; x_wconf 85' lang='lat' dir='ltr'><strong>non</strong></span> <span class='ocrx_word' id='word_1_230' title='bbox 615 3417 751 3495; x_wconf 79' lang='lat' dir='ltr'><strong>alienis,</strong></span> <span class='ocrx_word' id='word_1_231' title='bbox 774 3432 812 3480; x_wconf 87' lang='lat' dir='ltr'><strong>at</strong></span> <span class='ocrx_word' id='word_1_232' title='bbox 837 3441 860 3480; x_wconf 89' lang='lat' dir='ltr'><strong>a</strong></span> <span class='ocrx_word' id='word_1_233' title='bbox 882 3421 961 3481; x_wconf 85' lang='lat' dir='ltr'><strong>suis.</strong></span> <span class='ocrx_word' id='word_1_234' title='bbox 999 3414 1128 3499; x_wconf 89' lang='lat' dir='ltr'><strong>Quodsi</strong></span> <span class='ocrx_word' id='word_1_235' title='bbox 1150 3408 1262 3504; x_wconf 89' lang='lat' dir='ltr'><strong>simpli·</strong></span> 
     </span>
     <span class='ocr_line' id='line_1_29' title="bbox 195 3529 1263 3624; baseline -0.005 -30"><span class='ocrx_word' id='word_1_236' title='bbox 195 3531 281 3595; x_wconf 88' lang='lat' dir='ltr'><strong>citer</strong></span> <span class='ocrx_word' id='word_1_237' title='bbox 303 3546 429 3595; x_wconf 87' lang='lat' dir='ltr'><strong>tantum</strong></span> <span class='ocrx_word' id='word_1_238' title='bbox 448 3531 516 3596; x_wconf 93' lang='lat' dir='ltr'><strong>eius</strong></span> <span class='ocrx_word' id='word_1_239' title='bbox 532 3532 594 3611; x_wconf 90' lang='lat' dir='ltr'><strong>rei,</strong></span> <span class='ocrx_word' id='word_1_240' title='bbox 623 3556 709 3623; x_wconf 89' lang='lat' dir='ltr'><strong>quae</strong></span> <span class='ocrx_word' id='word_1_241' title='bbox 733 3530 835 3598; x_wconf 88' lang='lat' dir='ltr'><strong>modo</strong></span> <span class='ocrx_word' id='word_1_242' title='bbox 857 3533 1050 3624; x_wconf 85' lang='lat' dir='ltr'><strong>negabatur,</strong></span> <span class='ocrx_word' id='word_1_243' title='bbox 1075 3529 1263 3598; x_wconf 86' lang='lat' dir='ltr'><strong>contrarium</strong></span> 
     </span>
     <span class='ocr_line' id='line_1_30' title="bbox 193 3641 1267 3737; baseline -0.004 -27"><span class='ocrx_word' id='word_1_244' title='bbox 193 3645 387 3722; x_wconf 86' lang='lat' dir='ltr'><strong>affirmatur,</strong></span> <span class='ocrx_word' id='word_1_245' title='bbox 424 3668 487 3711; x_wconf 91' lang='lat' dir='ltr'><strong>nec</strong></span> <span class='ocrx_word' id='word_1_246' title='bbox 519 3647 566 3711; x_wconf 90' lang='lat' dir='ltr'><strong>vis</strong></span> <span class='ocrx_word' id='word_1_247' title='bbox 602 3646 710 3712; x_wconf 93' lang='lat' dir='ltr'><strong>omnis</strong></span> <span class='ocrx_word' id='word_1_248' title='bbox 738 3648 920 3713; x_wconf 88' lang='lat' dir='ltr'><strong>sententiae</strong></span> <span class='ocrx_word' id='word_1_249' title='bbox 946 3647 982 3711; x_wconf 90' lang='lat' dir='ltr'><strong>in</strong></span> <span class='ocrx_word' id='word_1_250' title='bbox 1006 3647 1070 3712; x_wconf 88' lang='lat' dir='ltr'><strong>hac</strong></span> <span class='ocrx_word' id='word_1_251' title='bbox 1096 3648 1169 3737; x_wconf 89' lang='lat' dir='ltr'><strong>ipsa</strong></span> <span class='ocrx_word' id='word_1_252' title='bbox 1195 3641 1267 3708; x_wconf 87' lang='lat' dir='ltr'><strong>affir-</strong></span> 
     </span>
     <span class='ocr_line' id='line_1_31' title="bbox 194 3758 1271 3855; baseline -0.004 -30"><span class='ocrx_word' id='word_1_253' title='bbox 194 3760 340 3826; x_wconf 89' lang='lat' dir='ltr'><strong>matione</strong></span> <span class='ocrx_word' id='word_1_254' title='bbox 368 3760 525 3840; x_wconf 81' lang='lat' dir='ltr'><strong>consistit,</strong></span> <span class='ocrx_word' id='word_1_255' title='bbox 552 3785 620 3828; x_wconf 89' lang='lat' dir='ltr'><strong>non</strong></span> <span class='ocrx_word' id='word_1_256' title='bbox 644 3777 697 3826; x_wconf 85' lang='lat' dir='ltr'><strong>est</strong></span> <span class='ocrx_word' id='word_1_257' title='bbox 713 3777 751 3826; x_wconf 85' lang='lat' dir='ltr'><strong>at</strong></span> <span class='ocrx_word' id='word_1_258' title='bbox 772 3760 954 3855; x_wconf 89' lang='lat' dir='ltr'><strong>particulae</strong></span> <span class='ocrx_word' id='word_1_259' title='bbox 977 3759 1081 3838; x_wconf 85' lang='lat' dir='ltr'><strong>locus,</strong></span> <span class='ocrx_word' id='word_1_260' title='bbox 1108 3758 1168 3826; x_wconf 89' lang='lat' dir='ltr'><strong>sed</strong></span> <span class='ocrx_word' id='word_1_261' title='bbox 1187 3778 1271 3824; x_wconf 89' lang='lat' dir='ltr'><strong>usur·</strong></span> 
     </span>
     <span class='ocr_line' id='line_1_32' title="bbox 195 3873 1273 3968; baseline -0.004 -28"><span class='ocrx_word' id='word_1_262' title='bbox 195 3874 345 3968; x_wconf 86' lang='lat' dir='ltr'><strong>pandum</strong></span> <span class='ocrx_word' id='word_1_263' title='bbox 378 3875 448 3941; x_wconf 86' lang='lat' dir='ltr'><strong>sed.</strong></span> <span class='ocrx_word' id='word_1_264' title='bbox 504 3879 601 3944; x_wconf 90' lang='lat' dir='ltr'><strong>Licet</strong></span> <span class='ocrx_word' id='word_1_265' title='bbox 634 3875 868 3943; x_wconf 74' lang='lat' dir='ltr'><strong>Tullianosum</strong></span> <span class='ocrx_word' id='word_1_266' title='bbox 902 3878 968 3943; x_wconf 86' lang='lat' dir='ltr'><strong>vim</strong></span> <span class='ocrx_word' id='word_1_267' title='bbox 1005 3877 1189 3942; x_wconf 86' lang='lat' dir='ltr'><strong>verborum</strong></span> <span class='ocrx_word' id='word_1_268' title='bbox 1220 3873 1273 3939; x_wconf 86' lang='lat' dir='ltr'><strong>hae</strong></span> 
     </span>
     <span class='ocr_line' id='line_1_33' title="bbox 197 3989 1276 4086; baseline 0.001 -33"><span class='ocrx_word' id='word_1_269' title='bbox 197 3989 460 4058; x_wconf 85' lang='lat' dir='ltr'><strong>conformatione</strong></span> <span class='ocrx_word' id='word_1_270' title='bbox 487 3993 668 4059; x_wconf 86' lang='lat' dir='ltr'><strong>sententiae</strong></span> <span class='ocrx_word' id='word_1_271' title='bbox 692 3996 840 4086; x_wconf 89' lang='lat' dir='ltr'><strong>assequi:</strong></span> <span class='ocrx_word' id='word_1_272' title='bbox 876 3993 936 4060; x_wconf 86' lang='lat' dir='ltr'><strong>etsi</strong></span> <span class='ocrx_word' id='word_1_273' title='bbox 958 4017 1028 4058; x_wconf 88' lang='lat' dir='ltr'><strong>nou</strong></span> <span class='ocrx_word' id='word_1_274' title='bbox 1054 3991 1138 4059; x_wconf 79' lang='lat' dir='ltr'><strong>foris</strong></span> <span class='ocrx_word' id='word_1_275' title='bbox 1161 4011 1276 4083; x_wconf 83' lang='lat' dir='ltr'><strong>coguo-</strong></span> 
     </span>
     <span class='ocr_line' id='line_1_34' title="bbox 197 4106 1280 4202; baseline 0.002 -34"><span class='ocrx_word' id='word_1_276' title='bbox 197 4106 393 4187; x_wconf 86' lang='lat' dir='ltr'><strong>scebantur,</strong></span> <span class='ocrx_word' id='word_1_277' title='bbox 434 4127 546 4174; x_wconf 87' lang='lat' dir='ltr'><strong>tamen</strong></span> <span class='ocrx_word' id='word_1_278' title='bbox 584 4110 872 4201; x_wconf 85' lang='lat' dir='ltr'><strong>cognoscebantur</strong></span> <span class='ocrx_word' id='word_1_279' title='bbox 909 4109 1023 4192; x_wconf 87' lang='lat' dir='ltr'><strong>domi,</strong></span> <span class='ocrx_word' id='word_1_280' title='bbox 1058 4106 1116 4177; x_wconf 90' lang='lat' dir='ltr'><strong>vel</strong></span> <span class='ocrx_word' id='word_1_281' title='bbox 1154 4107 1280 4202; x_wconf 86' lang='lat' dir='ltr'><strong>planius</strong></span> 
     </span>
    </p>
   </div>
   <div class='ocr_carea' id='block_1_12' title="bbox 205 4265 496 4286">
    <p class='ocr_par' dir='ltr' id='par_1_13' title="bbox 205 4265 496 4286">
     <span class='ocr_line' id='line_1_35' title="bbox 205 4265 496 4286; baseline -0.007 2"><span class='ocrx_word' id='word_1_282' title='bbox 205 4265 496 4286; x_wconf 50' lang='grc' dir='ltr'>Ἣ</span> 
     </span>
    </p>
   </div>
   <div class='ocr_carea' id='block_1_13' title="bbox 238 4351 932 4438">
    <p class='ocr_par' dir='ltr' id='par_1_14' title="bbox 238 4351 932 4438">
     <span class='ocr_line' id='line_1_36' title="bbox 238 4351 932 4438; baseline 0.017 -36"><span class='ocrx_word' id='word_1_283' title='bbox 238 4355 263 4422; x_wconf 78' lang='lat'><strong>·)</strong></span> <span class='ocrx_word' id='word_1_284' title='bbox 282 4351 321 4406; x_wconf 84' lang='lat' dir='ltr'><strong>De</strong></span> <span class='ocrx_word' id='word_1_285' title='bbox 339 4370 390 4420; x_wconf 88' lang='lat' dir='ltr'><strong>quo</strong></span> <span class='ocrx_word' id='word_1_286' title='bbox 412 4372 488 4423; x_wconf 85' lang='lat' dir='ltr'><strong>supra</strong></span> <span class='ocrx_word' id='word_1_287' title='bbox 507 4357 603 4411; x_wconf 83' lang='lat' dir='ltr'><strong>dictum</strong></span> <span class='ocrx_word' id='word_1_288' title='bbox 622 4366 663 4410; x_wconf 84' lang='lat' dir='ltr'><strong>est</strong></span> <span class='ocrx_word' id='word_1_289' title='bbox 679 4374 705 4426; x_wconf 89' lang='lat' dir='ltr'><strong>p.</strong></span> <span class='ocrx_word' id='word_1_290' title='bbox 725 4357 787 4438; x_wconf 74' lang='lat'>423.</span> <span class='ocrx_word' id='word_1_291' title='bbox 815 4409 817 4414; x_wconf 90' lang='grc'><strong>,</strong></span> <span class='ocrx_word' id='word_1_292' title='bbox 901 4396 906 4403; x_wconf 83' lang='grc'><strong>-</strong></span> <span class='ocrx_word' id='word_1_293' title='bbox 927 4358 932 4369; x_wconf 83' lang='grc'><strong>’</strong></span> 
     </span>
    </p>
   </div>
   <div class='ocr_carea' id='block_1_14' title="bbox 0 0 1446 4942">
    <p class='ocr_par' dir='ltr' id='par_1_15' title="bbox 0 0 1446 4942">
     <span class='ocr_line' id='line_1_37' title="bbox 0 0 1446 4942; baseline 0 0"><span class='ocrx_word' id='word_1_294' title='bbox 0 0 1446 4942; x_wconf 95' lang='lat' dir='ltr'><strong> </strong></span> 
     </span>
    </p>
   </div>
  </div>
 </body>
</html>
