2872 4942
386 383 416 424 r.
444 382 485 422 on
513 379 616 422 acran
644 381 810 449 rnrrsvuur
838 380 1004 426 rrnroun
1167 352 1239 447 347

148 556 244 646 panis
271 557 379 620 statim
407 573 485 646 post
510 554 675 645 perfidam
703 554 744 620 erl
769 558 900 621 Poenos
933 555 1156 621 delectionem
1183 579 1241 619 ur-¹

148 673 270 762 hisque
297 696 361 762 per
386 672 551 736 Romanos
569 672 846 762 expugnationem
866 687 1016 761 sumptae
1036 670 1133 735 sunt?
1161 670 1240 762 Ipso

1169 926 1241 966 Μϋ-

150 804 263 851 autem
291 784 349 852 illo
376 811 463 852 anno
491 785 584 877 quod
603 811 687 878 quae
702 786 869 877 petierunt
881 784 1241 995 impetrarunssiinc

148 902 260 993 potius
287 926 385 994 quam
411 926 601 993 propensae
626 900 798 967 voluntatis
826 901 1027 968 documento
1046 924 1080 966 es

149 1036 243 1083 terea
270 1042 314 1083 ne
337 1016 421 1081 illud
449 1015 588 1109 quidem
614 1035 752 1096 certum,
779 1036 888 1084 utrum
914 1019 1045 1109 pristini
1071 1017 1163 1082 urbis
1190 1018 1242 1082 in-

152 1130 246 1199 colae
273 1131 479 1224 supplicasse
506 1134 661 1199 Romanis
689 1130 859 1212 dicantur,
899 1158 941 1198 an
978 1131 1021 1198 de
1058 1133 1096 1198 iis
1130 1132 1242 1198 Livius
1312 1122 1316 1131 ¹

152 1249 296 1342 cogitet,
323 1250 380 1340 qui
407 1266 483 1339 post
519 1247 680 1313 funestam
708 1249 799 1313 urbis
823 1247 952 1314 cladem
979 1246 1045 1314 illis
1071 1271 1244 1313 successe-

152 1381 232 1429 runt
255 1388 376 1429 recens
403 1361 456 1427 vel
484 1363 574 1427 asciti
602 1361 655 1428 vel
679 1363 839 1455 ingressi:
867 1366 900 1429 in
919 1389 991 1456 qna
1012 1365 1178 1430 sententia
1195 1364 1243 1427 vi-

154 1479 218 1546 deo
246 1478 529 1570 Hopsenseclrium
567 1502 640 1544 esse
673 1478 736 1543 I-ur.
768 1478 864 1571 publ.
889 1482 982 1546 Rom.
1008 1504 1041 1572 p.
1069 1478 1127 1548 66.
1179 1482 1243 1544 Po-

153 1613 276 1661 stremo
304 1596 402 1659 etiam
428 1595 592 1659 honestati
619 1593 881 1687 humanitatique
919 1614 1042 1687 poetae
1066 1593 1245 1663 consulen-

155 1710 235 1776 dum
264 1727 356 1802 putat
383 1711 434 1776 vir
460 1701 787 1799 ζηταρετησιάδηςι
813 1736 877 1777 nec
903 1713 990 1778 enim
1019 1712 1141 1779 decere
1165 1735 1246 1804 pro-

156 1827 237 1892 biam
263 1825 434 1891 hominem
461 1825 549 1890 inter
575 1825 682 1915 ipsam
709 1825 846 1891 caedem
870 1828 1034 1894 carnificis
1058 1829 1247 1894 cruentissi-

156 1966 314 2034 mamque
343 1942 463 2006 civium
490 1958 632 2032 stragem
662 1939 808 2007 cavillari
827 1943 930 2009 victos
960 1962 993 2010 et
1013 1945 1172 2009 truncatis
1187 1967 1248 2035 pa-

158 2074 270 2137 trum,
297 2056 457 2134 liatrum,
484 2055 671 2121 liberorum
697 2055 855 2123 membris
882 2057 1079 2152 colligendis
1103 2082 1246 2150 occupa-

158 2170 226 2240 tot!
278 2175 378 2258 Quasi
414 2197 494 2240 vero
528 2197 567 2238 eo
602 2174 747 2238 insaniae
771 2176 946 2266 quisquam
975 2198 1170 2269 progressos
1196 2177 1247 2253 sit,

157 2308 195 2356 ut
219 2288 339 2355 eodem
366 2313 464 2368 anno,
502 2288 629 2389 nedum
656 2287 784 2392 eisdem
813 2286 930 2356 ‹liebns
956 2309 991 2357 et
1015 2294 1247 2357 Trinummum

157 2405 317 2496 scriptam
343 2424 375 2471 et
401 2403 568 2496 supplicio
595 2403 730 2471 afftletos
757 2407 945 2498 Campanos
980 2424 1131 2498 putaret,
1163 2430 1247 2500 quo-

148 2534 232 2586 'rum
260 2517 399 2611 quidem
426 2519 553 2584 servilis
580 2522 753 2610 patientia
779 2545 820 2586 ex
841 2520 900 2588 illo
923 2522 1148 2614 ipsodemum
1170 2546 1249 2615 sup

156 2635 263 2729 plinio
291 2637 499 2702 consectaria
524 2652 619 2700 esset.
647 2635 777 2718 Quodsi
794 2637 913 2729 -viginti
939 2655 1017 2730 post
1041 2639 1134 2702 annis
1159 2638 1249 2703 Nau-

157 2749 239 2819 rleto
269 2751 400 2818 Plautus
428 2755 514 2817 risus
545 2768 596 2815 cst
627 2751 699 2816 sine
735 2753 974 2818 inhumanitate
1002 2778 1059 2819 eos
1085 2756 1250 2844 perstrin-

159 2890 240 2961 gere
267 2868 427 2958 pomisse,
453 2890 516 2931 nec
542 2865 627 2930 illud
649 2865 876 2959 intelligimus,
901 2870 969 2960 'qui
1000 2867 1128 2934 tardam
1152 2867 1248 2934 mali-

158 2986 317 3078 gnitatem
345 2983 472 3047 facilius
496 2999 560 3046 tam
587 2981 774 3048 fastidiosus
797 3008 910 3049 sensus
937 2985 1023 3050 serat
1045 3010 1143 3077 quam
1158 2986 1251 3050 subi-

159 3117 226 3166 tam
264 3100 480 3165 acerbitatem
516 3096 621 3164 multo
659 3122 736 3163 sane
775 3102 874 3192 magis
902 3100 1143 3180 excusabilem,
1176 3119 1251 3170 'nec

160 3214 244 3309 quid
267 3218 357 3280 inter
383 3217 496 3306 viginti
519 3224 624 3279 annos
648 3230 679 3278 et
706 3212 833 3306 aliquot
859 3217 990 3282 intersit
1017 3218 1253 3310 perspicimus,

162 3330 299 3425 quando
326 3333 423 3396 etiam
451 3331 565 3422 paucis
591 3329 827 3421 praeterlapsis
864 3329 1008 3399 desierat
1041 3352 1151 3399 tamen
1180 3334 1252 3423 ipsa

161 3453 294 3522 caedes.
788 3521 791 3528 ,

206 3582 210 3606 ³
261 3571 350 3662 Ergo
377 3566 486 3632 adhuc
513 3591 580 3633 non
609 3585 658 3632 cst
683 3564 876 3663 ullolpacto
904 3544 1176 3647 demonstratum,
1197 3568 1249 3634 vel

161 3708 229 3753 non
258 3687 406 3778 potuisse
432 3684 530 3749 brevi
555 3700 632 3775 post
656 3686 791 3775 Capuae
828 3684 961 3751 cladem
994 3680 1144 3777 tempore
1172 3686 1249 3748 Tri-

160 3824 347 3867 nummum.
362 3798 427 3878 edi,
454 3797 506 3862 vel
531 3800 718 3864 necessario
747 3824 820 3865 esse
844 3819 921 3890 post
942 3798 1057 3891 Syriae
1082 3822 1250 3890 expugna-

160 3918 290 3984 tionem
316 3916 484 4006 scriptam.
519 3913 564 3978 Vt
580 3936 645 3978 non
663 3915 801 3978 nimium
828 3912 1043 3980 tribuendum
1067 3914 1108 3978 sit
1124 3911 1249 3983 Wolllii

162 4023 293 4124 Proleg.
328 4032 362 4094 in
384 4028 495 4095 Aulul.
529 4056 561 4120 p.
587 4025 633 4095 34
668 4029 792 4096 iudicio
822 4028 1017 4120 simpliciter
1039 4031 1165 4094 Rittero
1198 4051 1247 4093 as·

167 4149 336 4226 ¹sentientis
363 4165 396 4211 et
422 4149 529 4210 minus
555 4147 617 4209 sibi
642 4145 780 4236 placere
797 4144 1087 4212 Windischmanni
1115 4162 1250 4210 senten·
1318 4170 1319 4174 ¹

170 4265 241 4335 tiam
270 4263 465 4357 profitentis.
501 4265 610 4342 'Quae
640 4289 714 4327 rum
741 4263 783 4324 ita
810 4262 883 4338 sint,
908 4282 974 4325 non
1001 4259 1117 4326 hercle
1145 4280 1252 4328 aunem

172 4402 264 4471 agere
290 4379 488 4458 videbimur,
516 4381 541 4443 si
568 4404 652 4448 novo
680 4402 788 4469 eoque
812 4376 911 4472 longe
939 4376 1186 4446 evidentissimo
1203 4404 1254 4445 ar-
