<?xml version="1.0" encoding="UTF-8"?>
<!DOCTYPE html PUBLIC "-//W3C//DTD XHTML 1.0 Transitional//EN"
    "http://www.w3.org/TR/xhtml1/DTD/xhtml1-transitional.dtd">
<html xmlns="http://www.w3.org/1999/xhtml" xml:lang="en" lang="en">
 <head>
  <title>
</title>
<meta http-equiv="Content-Type" content="text/html;charset=utf-8" />
  <meta name='ocr-system' content='tesseract 3.04.00' />
  <meta name='ocr-capabilities' content='ocr_page ocr_carea ocr_par ocr_line ocrx_word'/>
</head>
<body>
  <div class='ocr_page' id='page_1' title='image "./parergonplautin00ritsgoog_0433.png"; bbox 0 0 2872 4942; ppageno 0'>
   <div class='ocr_carea' id='block_1_1' title="bbox 521 327 1171 402">
    <p class='ocr_par' dir='ltr' id='par_1_1' title="bbox 521 327 1171 402">
     <span class='ocr_line' id='line_1_1' title="bbox 521 327 1171 402; baseline 0 -6"><span class='ocrx_word' id='word_1_1' title='bbox 521 349 741 402; x_wconf 78' lang='lat' dir='ltr'>utcontutevs.</span> <span class='ocrx_word' id='word_1_2' title='bbox 1080 327 1171 397; x_wconf 61' lang='lat' dir='ltr'>t393</span> 
     </span>
    </p>
   </div>
   <div class='ocr_carea' id='block_1_2' title="bbox 143 523 1256 2002">
    <p class='ocr_par' dir='ltr' id='par_1_2' title="bbox 143 523 1256 2002">
     <span class='ocr_line' id='line_1_2' title="bbox 143 523 1177 598; baseline -0.005 -8"><span class='ocrx_word' id='word_1_3' title='bbox 143 525 206 591; x_wconf 87' lang='lat' dir='ltr'>evii</span> <span class='ocrx_word' id='word_1_4' title='bbox 243 524 361 591; x_wconf 82' lang='lat' dir='ltr'>fabulis</span> <span class='ocrx_word' id='word_1_5' title='bbox 394 541 544 590; x_wconf 86' lang='lat' dir='ltr'>secutum</span> <span class='ocrx_word' id='word_1_6' title='bbox 582 551 654 591; x_wconf 86' lang='lat' dir='ltr'>esse</span> <span class='ocrx_word' id='word_1_7' title='bbox 680 524 863 592; x_wconf 83' lang='lat' dir='ltr'>litterarum</span> <span class='ocrx_word' id='word_1_8' title='bbox 888 523 1043 598; x_wconf 80' lang='lat' dir='ltr'><strong>ordinem</strong></span> <span class='ocrx_word' id='word_1_9' title='bbox 1068 523 1177 588; x_wconf 76' lang='lat' dir='ltr'>initia-</span> 
     </span>
     <span class='ocr_line' id='line_1_3' title="bbox 143 637 1181 743; baseline -0.001 -39"><span class='ocrx_word' id='word_1_10' title='bbox 143 666 167 704; x_wconf 89' lang='lat' dir='ltr'>n</span> <span class='ocrx_word' id='word_1_11' title='bbox 201 641 346 709; x_wconf 88' lang='lat' dir='ltr'>coniecit</span> <span class='ocrx_word' id='word_1_12' title='bbox 370 663 439 707; x_wconf 89' lang='lat' dir='ltr'>nou</span> <span class='ocrx_word' id='word_1_13' title='bbox 466 640 536 704; x_wconf 87' lang='lat' dir='ltr'>sine</span> <span class='ocrx_word' id='word_1_14' title='bbox 562 665 678 732; x_wconf 85' lang='lat' dir='ltr'>magna</span> <span class='ocrx_word' id='word_1_15' title='bbox 700 640 770 706; x_wconf 87' lang='lat' dir='ltr'>veri</span> <span class='ocrx_word' id='word_1_16' title='bbox 796 641 908 731; x_wconf 90' lang='lat' dir='ltr'>specie</span> <span class='ocrx_word' id='word_1_17' title='bbox 927 637 1105 723; x_wconf 75' lang='lat' dir='ltr'>*)„tameu</span> <span class='ocrx_word' id='word_1_18' title='bbox 1130 637 1181 743; x_wconf 55' lang='lat' dir='ltr'>dp</span> 
     </span>
     <span class='ocr_line' id='line_1_4' title="bbox 143 740 1179 850; baseline 0 -30"><span class='ocrx_word' id='word_1_19' title='bbox 143 756 252 848; x_wconf 80' lang='lat' dir='ltr'>ntiois¹</span> <span class='ocrx_word' id='word_1_20' title='bbox 276 753 444 821; x_wconf 86' lang='lat' dir='ltr'>disserens</span> <span class='ocrx_word' id='word_1_21' title='bbox 470 753 551 850; x_wconf 84' lang='lat' dir='ltr'>ideo</span> <span class='ocrx_word' id='word_1_22' title='bbox 573 755 680 820; x_wconf 89' lang='lat' dir='ltr'>minus</span> <span class='ocrx_word' id='word_1_23' title='bbox 706 754 788 819; x_wconf 88' lang='lat' dir='ltr'>mibi</span> <span class='ocrx_word' id='word_1_24' title='bbox 813 755 981 835; x_wconf 76' lang='lat' dir='ltr'>satisfecit,</span> <span class='ocrx_word' id='word_1_25' title='bbox 999 752 1102 847; x_wconf 90' lang='lat' dir='ltr'>quod,</span> <span class='ocrx_word' id='word_1_26' title='bbox 1119 740 1179 845; x_wconf 88' lang='lat' dir='ltr'>qui</span> 
     </span>
     <span class='ocr_line' id='line_1_5' title="bbox 143 869 1179 960; baseline 0 -28"><span class='ocrx_word' id='word_1_27' title='bbox 143 893 280 960; x_wconf 77' lang='lat' dir='ltr'>sporum</span> <span class='ocrx_word' id='word_1_28' title='bbox 305 870 427 935; x_wconf 90' lang='lat' dir='ltr'>rationi</span> <span class='ocrx_word' id='word_1_29' title='bbox 452 886 575 934; x_wconf 88' lang='lat' dir='ltr'>tantum</span> <span class='ocrx_word' id='word_1_30' title='bbox 603 869 757 934; x_wconf 81' lang='lat' dir='ltr'>tribuisse</span> <span class='ocrx_word' id='word_1_31' title='bbox 780 887 923 960; x_wconf 85' lang='lat' dir='ltr'>putatur,</span> <span class='ocrx_word' id='word_1_32' title='bbox 949 886 985 934; x_wconf 92' lang='lat' dir='ltr'>ut</span> <span class='ocrx_word' id='word_1_33' title='bbox 1005 887 1069 934; x_wconf 87' lang='lat' dir='ltr'>tam</span> <span class='ocrx_word' id='word_1_34' title='bbox 1089 869 1179 960; x_wconf 86' lang='lat' dir='ltr'>gravi</span> 
     </span>
     <span class='ocr_line' id='line_1_6' title="bbox 143 968 1179 1077; baseline -0.008 -27"><span class='ocrx_word' id='word_1_35' title='bbox 143 968 308 1055; x_wconf 81' lang='lat' dir='ltr'>onstantiu</span> <span class='ocrx_word' id='word_1_36' title='bbox 331 981 491 1077; x_wconf 91' lang='lat' dir='ltr'>simplicis</span> <span class='ocrx_word' id='word_1_37' title='bbox 513 983 640 1071; x_wconf 81' lang='lat' dir='ltr'>ordinis</span> <span class='ocrx_word' id='word_1_38' title='bbox 656 983 909 1052; x_wconf 77' lang='lat' dir='ltr'>concinnitatem</span> <span class='ocrx_word' id='word_1_39' title='bbox 924 984 1082 1062; x_wconf 83' lang='lat' dir='ltr'>turbaret,</span> <span class='ocrx_word' id='word_1_40' title='bbox 1100 1007 1179 1072; x_wconf 71' lang='lat' dir='ltr'>pro.</span> 
     </span>
     <span class='ocr_line' id='line_1_7' title="bbox 144 1097 1175 1190; baseline -0.002 -23"><span class='ocrx_word' id='word_1_41' title='bbox 144 1117 176 1167; x_wconf 86' lang='lat' dir='ltr'>tn</span> <span class='ocrx_word' id='word_1_42' title='bbox 212 1098 354 1166; x_wconf 87' lang='lat' dir='ltr'>eandem</span> <span class='ocrx_word' id='word_1_43' title='bbox 394 1116 585 1190; x_wconf 78' lang='lat' dir='ltr'>temporum</span> <span class='ocrx_word' id='word_1_44' title='bbox 614 1100 765 1167; x_wconf 62' lang='lat' dir='ltr'>neruum</span> <span class='ocrx_word' id='word_1_45' title='bbox 797 1097 929 1166; x_wconf 74' lang='lat' dir='ltr'>videtui</span> <span class='ocrx_word' id='word_1_46' title='bbox 959 1097 1006 1164; x_wconf 82' lang='lat' dir='ltr'>atl</span> <span class='ocrx_word' id='word_1_47' title='bbox 1032 1098 1175 1166; x_wconf 84' lang='lat' dir='ltr'>universi</span> 
     </span>
     <span class='ocr_line' id='line_1_8' title="bbox 143 1192 1256 1306; baseline -0.003 -27"><span class='ocrx_word' id='word_1_48' title='bbox 143 1216 225 1280; x_wconf 88' lang='lat' dir='ltr'>ueris</span> <span class='ocrx_word' id='word_1_49' title='bbox 254 1213 511 1306; x_wconf 81' lang='lat' dir='ltr'>dispositionem</span> <span class='ocrx_word' id='word_1_50' title='bbox 538 1213 752 1292; x_wconf 77' lang='lat' dir='ltr'>adhibiturus,</span> <span class='ocrx_word' id='word_1_51' title='bbox 779 1192 888 1283; x_wconf 70' lang='lat' dir='ltr'>suissi.</span> <span class='ocrx_word' id='word_1_52' title='bbox 937 1216 992 1281; x_wconf 86' lang='lat' dir='ltr'>An</span> <span class='ocrx_word' id='word_1_53' title='bbox 1017 1210 1178 1305; x_wconf 75' lang='lat' dir='ltr'>quis-du·</span> <span class='ocrx_word' id='word_1_54' title='bbox 1255 1245 1256 1248; x_wconf 37' lang='lat'>¹</span> 
     </span>
     <span class='ocr_line' id='line_1_9' title="bbox 143 1329 1179 1423; baseline -0.004 -29"><span class='ocrx_word' id='word_1_55' title='bbox 143 1331 228 1410; x_wconf 85' lang='lat' dir='ltr'>abit,</span> <span class='ocrx_word' id='word_1_56' title='bbox 262 1330 343 1423; x_wconf 89' lang='lat' dir='ltr'>quin</span> <span class='ocrx_word' id='word_1_57' title='bbox 365 1331 529 1421; x_wconf 82' lang='lat' dir='ltr'>potuerit,</span> <span class='ocrx_word' id='word_1_58' title='bbox 568 1347 603 1395; x_wconf 85' lang='lat' dir='ltr'>ut</span> <span class='ocrx_word' id='word_1_59' title='bbox 627 1329 769 1396; x_wconf 90' lang='lat' dir='ltr'>voluisse</span> <span class='ocrx_word' id='word_1_60' title='bbox 794 1329 1032 1422; x_wconf 79' lang='lat' dir='ltr'>aliquantisper</span> <span class='ocrx_word' id='word_1_61' title='bbox 1057 1343 1179 1393; x_wconf 69' lang='lat' dir='ltr'>statua.</span> 
     </span>
     <span class='ocr_line' id='line_1_10' title="bbox 143 1445 1179 1542; baseline -0.002 -30"><span class='ocrx_word' id='word_1_62' title='bbox 143 1471 175 1527; x_wconf 91' lang='lat' dir='ltr'>ts,</span> <span class='ocrx_word' id='word_1_63' title='bbox 201 1464 290 1513; x_wconf 85' lang='lat' dir='ltr'>certa</span> <span class='ocrx_word' id='word_1_64' title='bbox 312 1471 474 1513; x_wconf 84' lang='lat' dir='ltr'>annorum</span> <span class='ocrx_word' id='word_1_65' title='bbox 491 1445 728 1542; x_wconf 78' lang='lat' dir='ltr'>descriptione,</span> <span class='ocrx_word' id='word_1_66' title='bbox 755 1447 783 1510; x_wconf 89' lang='lat' dir='ltr'>si</span> <span class='ocrx_word' id='word_1_67' title='bbox 808 1470 878 1511; x_wconf 90' lang='lat' dir='ltr'>non</span> <span class='ocrx_word' id='word_1_68' title='bbox 904 1469 1027 1525; x_wconf 89' lang='lat' dir='ltr'>omnes,</span> <span class='ocrx_word' id='word_1_69' title='bbox 1054 1463 1086 1513; x_wconf 83' lang='lat' dir='ltr'>at</span> <span class='ocrx_word' id='word_1_70' title='bbox 1103 1445 1179 1537; x_wconf 72' lang='lat' dir='ltr'>pla-</span> 
     </span>
     <span class='ocr_line' id='line_1_11' title="bbox 143 1559 1180 1652; baseline 0.003 -28"><span class='ocrx_word' id='word_1_71' title='bbox 143 1586 191 1628; x_wconf 88' lang='lat' dir='ltr'>uas</span> <span class='ocrx_word' id='word_1_72' title='bbox 217 1560 354 1642; x_wconf 81' lang='lat' dir='ltr'>fabulas,</span> <span class='ocrx_word' id='word_1_73' title='bbox 382 1586 493 1634; x_wconf 79' lang='lat' dir='ltr'>earnm</span> <span class='ocrx_word' id='word_1_74' title='bbox 517 1561 725 1652; x_wconf 86' lang='lat' dir='ltr'>potissimum</span> <span class='ocrx_word' id='word_1_75' title='bbox 754 1559 934 1652; x_wconf 67' lang='lat' dir='ltr'>plurimes,</span> <span class='ocrx_word' id='word_1_76' title='bbox 969 1585 1055 1651; x_wconf 82' lang='lat' dir='ltr'>quae</span> <span class='ocrx_word' id='word_1_77' title='bbox 1087 1586 1180 1627; x_wconf 86' lang='lat' dir='ltr'>nunc</span> 
     </span>
     <span class='ocr_line' id='line_1_12' title="bbox 143 1674 1179 1768; baseline 0 -25"><span class='ocrx_word' id='word_1_78' title='bbox 143 1679 286 1768; x_wconf 85' lang='lat' dir='ltr'>perstites</span> <span class='ocrx_word' id='word_1_79' title='bbox 312 1697 389 1752; x_wconf 83' lang='lat' dir='ltr'>sunt</span> <span class='ocrx_word' id='word_1_80' title='bbox 405 1677 463 1760; x_wconf 57' lang='lat'>¹⁸),</span> <span class='ocrx_word' id='word_1_81' title='bbox 488 1677 596 1743; x_wconf 82' lang='lat' dir='ltr'>Varro</span> <span class='ocrx_word' id='word_1_82' title='bbox 625 1675 789 1746; x_wconf 72' lang='lat' dir='ltr'>definiret</span> <span class='ocrx_word' id='word_1_83' title='bbox 817 1677 870 1743; x_wconf 90' lang='lat' dir='ltr'>cui</span> <span class='ocrx_word' id='word_1_84' title='bbox 895 1693 1030 1766; x_wconf 82' lang='lat' dir='ltr'>praesto</span> <span class='ocrx_word' id='word_1_85' title='bbox 1055 1674 1179 1743; x_wconf 83' lang='lat' dir='ltr'>fuerint</span> 
     </span>
     <span class='ocr_line' id='line_1_13' title="bbox 156 1789 1179 1884; baseline -0.001 -26"><span class='ocrx_word' id='word_1_86' title='bbox 156 1793 252 1871; x_wconf 84' lang='lat' dir='ltr'>Attii,</span> <span class='ocrx_word' id='word_1_87' title='bbox 283 1811 360 1871; x_wconf 78' lang='lat' dir='ltr'>natu</span> <span class='ocrx_word' id='word_1_88' title='bbox 387 1793 518 1860; x_wconf 82' lang='lat' dir='ltr'>meionis</span> <span class='ocrx_word' id='word_1_89' title='bbox 545 1790 703 1884; x_wconf 86' lang='lat' dir='ltr'>quidem,</span> <span class='ocrx_word' id='word_1_90' title='bbox 738 1790 796 1858; x_wconf 93' lang='lat' dir='ltr'>sed</span> <span class='ocrx_word' id='word_1_91' title='bbox 824 1789 973 1858; x_wconf 89' lang='lat' dir='ltr'>eiusdem</span> <span class='ocrx_word' id='word_1_92' title='bbox 1000 1792 1097 1858; x_wconf 87' lang='lat' dir='ltr'>etiam</span> <span class='ocrx_word' id='word_1_93' title='bbox 1124 1817 1179 1857; x_wconf 70' lang='lat' dir='ltr'>ae-</span> 
     </span>
     <span class='ocr_line' id='line_1_14' title="bbox 143 1905 1179 2002; baseline 0.006 -32"><span class='ocrx_word' id='word_1_94' title='bbox 143 1905 198 1978; x_wconf 81' lang='lat' dir='ltr'>alis</span> <span class='ocrx_word' id='word_1_95' title='bbox 231 1926 353 2002; x_wconf 85' lang='lat' dir='ltr'>poetae</span> <span class='ocrx_word' id='word_1_96' title='bbox 378 1909 422 1980; x_wconf 43' lang='lat' dir='ltr'>‘et</span> <span class='ocrx_word' id='word_1_97' title='bbox 455 1910 570 1986; x_wconf 86' lang='lat' dir='ltr'>amici,</span> <span class='ocrx_word' id='word_1_98' title='bbox 605 1906 839 1974; x_wconf 87' lang='lat' dir='ltr'>Didascalicou</span> <span class='ocrx_word' id='word_1_99' title='bbox 865 1906 944 1973; x_wconf 90' lang='lat' dir='ltr'>libri</span> <span class='ocrx_word' id='word_1_100' title='bbox 968 1907 1179 1976; x_wconf 74' lang='lat' dir='ltr'>Graecorum</span> 
     </span>
    </p>
   </div>
   <div class='ocr_carea' id='block_1_3' title="bbox 143 2019 1337 2116">
    <p class='ocr_par' dir='ltr' id='par_1_3' title="bbox 143 2019 1337 2116">
     <span class='ocr_line' id='line_1_15' title="bbox 143 2019 1337 2116; baseline -0.008 -22"><span class='ocrx_word' id='word_1_101' title='bbox 143 2023 247 2116; x_wconf 78' lang='lat' dir='ltr'>empto</span> <span class='ocrx_word' id='word_1_102' title='bbox 262 2026 447 2116; x_wconf 89' lang='lat' dir='ltr'>compositi,</span> <span class='ocrx_word' id='word_1_103' title='bbox 475 2023 517 2096; x_wconf 88' lang='lat' dir='ltr'>de</span> <span class='ocrx_word' id='word_1_104' title='bbox 544 2024 665 2116; x_wconf 89' lang='lat' dir='ltr'>quibus</span> <span class='ocrx_word' id='word_1_105' title='bbox 683 2041 759 2115; x_wconf 91' lang='lat' dir='ltr'>post</span> <span class='ocrx_word' id='word_1_106' title='bbox 774 2021 978 2115; x_wconf 79' lang='lat' dir='ltr'>praeclaram</span> <span class='ocrx_word' id='word_1_107' title='bbox 988 2019 1055 2108; x_wconf 76' lang='lat'>***)</span> <span class='ocrx_word' id='word_1_108' title='bbox 1081 2021 1180 2090; x_wconf 67' lang='lat' dir='ltr'>Mad,</span> <span class='ocrx_word' id='word_1_109' title='bbox 1232 2039 1237 2047; x_wconf 80' lang='grc'>’</span> <span class='ocrx_word' id='word_1_110' title='bbox 1331 2046 1337 2064; x_wconf 92' lang='grc'><em>·</em></span> 
     </span>
    </p>
   </div>
   <div class='ocr_carea' id='block_1_4' title="bbox 143 2136 1181 2463">
    <p class='ocr_par' dir='ltr' id='par_1_4' title="bbox 143 2136 1181 2463">
     <span class='ocr_line' id='line_1_16' title="bbox 143 2136 1180 2233; baseline 0.003 -29"><span class='ocrx_word' id='word_1_111' title='bbox 143 2137 172 2225; x_wconf 70' lang='lat' dir='ltr'>tii</span> <span class='ocrx_word' id='word_1_112' title='bbox 195 2139 454 2233; x_wconf 66' lang='lat' dir='ltr'>disputationem</span> <span class='ocrx_word' id='word_1_113' title='bbox 482 2139 623 2231; x_wconf 82' lang='lat' dir='ltr'>(Opusc.</span> <span class='ocrx_word' id='word_1_114' title='bbox 650 2138 742 2206; x_wconf 87' lang='lat' dir='ltr'>acad.</span> <span class='ocrx_word' id='word_1_115' title='bbox 768 2165 801 2230; x_wconf 82' lang='lat' dir='ltr'>p.</span> <span class='ocrx_word' id='word_1_116' title='bbox 828 2141 874 2210; x_wconf 81' lang='lat'>87</span> <span class='ocrx_word' id='word_1_117' title='bbox 902 2136 993 2230; x_wconf 88' lang='lat' dir='ltr'>sqq.)</span> <span class='ocrx_word' id='word_1_118' title='bbox 1015 2138 1180 2209; x_wconf 81' lang='lat' dir='ltr'>nihilium</span> 
     </span>
     <span class='ocr_line' id='line_1_17' title="bbox 144 2253 1179 2351; baseline 0.005 -32"><span class='ocrx_word' id='word_1_119' title='bbox 144 2255 341 2351; x_wconf 64' lang='lat' dir='ltr'>ntruaecsiee</span> <span class='ocrx_word' id='word_1_120' title='bbox 363 2279 537 2346; x_wconf 71' lang='lat' dir='ltr'>superesse</span> <span class='ocrx_word' id='word_1_121' title='bbox 560 2253 684 2338; x_wconf 73' lang='lat' dir='ltr'>credet</span> <span class='ocrx_word' id='word_1_122' title='bbox 717 2255 774 2347; x_wconf 85' lang='lat' dir='ltr'>qui</span> <span class='ocrx_word' id='word_1_123' title='bbox 808 2274 986 2345; x_wconf 82' lang='lat' dir='ltr'>praeterea</span> <span class='ocrx_word' id='word_1_124' title='bbox 1012 2255 1084 2347; x_wconf 90' lang='lat' dir='ltr'>ipse</span> <span class='ocrx_word' id='word_1_125' title='bbox 1110 2279 1179 2324; x_wconf 83' lang='lat' dir='ltr'>nou</span> 
     </span>
     <span class='ocr_line' id='line_1_18' title="bbox 143 2368 1181 2463; baseline 0.006 -32"><span class='ocrx_word' id='word_1_126' title='bbox 143 2368 290 2439; x_wconf 77' lang='lat' dir='ltr'>tium-de</span> <span class='ocrx_word' id='word_1_127' title='bbox 316 2372 436 2463; x_wconf 84' lang='lat' dir='ltr'>poetis,</span> <span class='ocrx_word' id='word_1_128' title='bbox 464 2369 506 2437; x_wconf 89' lang='lat' dir='ltr'>de</span> <span class='ocrx_word' id='word_1_129' title='bbox 524 2371 668 2440; x_wconf 83' lang='lat' dir='ltr'>scenicis</span> <span class='ocrx_word' id='word_1_130' title='bbox 696 2370 894 2462; x_wconf 84' lang='lat' dir='ltr'>originibus,</span> <span class='ocrx_word' id='word_1_131' title='bbox 930 2369 972 2436; x_wconf 93' lang='lat' dir='ltr'>de</span> <span class='ocrx_word' id='word_1_132' title='bbox 995 2369 1181 2437; x_wconf 85' lang='lat' dir='ltr'>comoediis</span> 
     </span>
    </p>
   </div>
   <div class='ocr_carea' id='block_1_5' title="bbox 143 2484 1180 2603">
    <p class='ocr_par' dir='ltr' id='par_1_5' title="bbox 143 2484 1180 2603">
     <span class='ocr_line' id='line_1_19' title="bbox 143 2484 1180 2603; baseline 0.002 -50"><span class='ocrx_word' id='word_1_133' title='bbox 143 2487 262 2603; x_wconf 53' lang='lat' dir='ltr'>induis,</span> <span class='ocrx_word' id='word_1_134' title='bbox 289 2485 350 2553; x_wconf 87' lang='lat' dir='ltr'>sed</span> <span class='ocrx_word' id='word_1_135' title='bbox 376 2488 476 2552; x_wconf 87' lang='lat' dir='ltr'>etiam</span> <span class='ocrx_word' id='word_1_136' title='bbox 502 2484 545 2551; x_wconf 90' lang='lat' dir='ltr'>de</span> <span class='ocrx_word' id='word_1_137' title='bbox 567 2487 753 2552; x_wconf 84' lang='lat' dir='ltr'>actionibus</span> <span class='ocrx_word' id='word_1_138' title='bbox 775 2487 916 2552; x_wconf 89' lang='lat' dir='ltr'>scenicis</span> <span class='ocrx_word' id='word_1_139' title='bbox 937 2485 1050 2553; x_wconf 85' lang='lat' dir='ltr'>dedite</span> <span class='ocrx_word' id='word_1_140' title='bbox 1076 2511 1180 2578; x_wconf 72' lang='lat' dir='ltr'>opere</span> 
     </span>
    </p>
   </div>
   <div class='ocr_carea' id='block_1_6' title="bbox 143 2599 1182 3048">
    <p class='ocr_par' dir='ltr' id='par_1_6' title="bbox 143 2599 1182 3048">
     <span class='ocr_line' id='line_1_20' title="bbox 143 2599 1181 2693; baseline -0.005 -24"><span class='ocrx_word' id='word_1_141' title='bbox 143 2603 273 2685; x_wconf 57' lang='lat' dir='ltr'>nesierit</span> <span class='ocrx_word' id='word_1_142' title='bbox 297 2619 330 2667; x_wconf 87' lang='lat' dir='ltr'>et</span> <span class='ocrx_word' id='word_1_143' title='bbox 354 2600 491 2693; x_wconf 84' lang='lat' dir='ltr'>singulis</span> <span class='ocrx_word' id='word_1_144' title='bbox 519 2602 765 2674; x_wconf 85' lang='lat' dir='ltr'>commentariis</span> <span class='ocrx_word' id='word_1_145' title='bbox 791 2603 997 2693; x_wconf 81' lang='lat' dir='ltr'>exposuerit3</span> <span class='ocrx_word' id='word_1_146' title='bbox 1036 2627 1091 2671; x_wconf 87' lang='lat' dir='ltr'>eas</span> <span class='ocrx_word' id='word_1_147' title='bbox 1109 2599 1181 2670; x_wconf 77' lang='lat' dir='ltr'>de..</span> 
     </span>
     <span class='ocr_line' id='line_1_21' title="bbox 143 2696 1182 2809; baseline -0.005 -24"><span class='ocrx_word' id='word_1_148' title='bbox 143 2696 198 2808; x_wconf 58' lang='lat' dir='ltr'>{tie</span> <span class='ocrx_word' id='word_1_149' title='bbox 216 2715 360 2796; x_wconf 81' lang='lat' dir='ltr'>¹fabulas,</span> <span class='ocrx_word' id='word_1_150' title='bbox 384 2715 525 2809; x_wconf 85' lang='lat' dir='ltr'>quarum</span> <span class='ocrx_word' id='word_1_151' title='bbox 549 2715 603 2789; x_wconf 84' lang='lat' dir='ltr'>vel</span> <span class='ocrx_word' id='word_1_152' title='bbox 629 2718 725 2787; x_wconf 82' lang='lat' dir='ltr'>uobis</span> <span class='ocrx_word' id='word_1_153' title='bbox 753 2715 838 2786; x_wconf 86' lang='lat' dir='ltr'>duae</span> <span class='ocrx_word' id='word_1_154' title='bbox 864 2735 1011 2784; x_wconf 82' lang='lat' dir='ltr'>servatae</span> <span class='ocrx_word' id='word_1_155' title='bbox 1029 2715 1182 2783; x_wconf 53' lang='lat' dir='ltr'>didaces„</span> 
     </span>
     <span class='ocr_line' id='line_1_22' title="bbox 146 2831 1181 2926; baseline 0.002 -27"><span class='ocrx_word' id='word_1_156' title='bbox 146 2857 162 2899; x_wconf 88' lang='lat' dir='ltr'>e</span> <span class='ocrx_word' id='word_1_157' title='bbox 188 2850 377 2926; x_wconf 85' lang='lat' dir='ltr'>suppetunt.</span> <span class='ocrx_word' id='word_1_158' title='bbox 430 2836 542 2916; x_wconf 82' lang='lat' dir='ltr'>Quare</span> <span class='ocrx_word' id='word_1_159' title='bbox 569 2833 596 2898; x_wconf 92' lang='lat' dir='ltr'>si</span> <span class='ocrx_word' id='word_1_160' title='bbox 621 2831 704 2925; x_wconf 91' lang='lat' dir='ltr'>quid</span> <span class='ocrx_word' id='word_1_161' title='bbox 730 2832 857 2911; x_wconf 66' lang='lat' dir='ltr'>video·</span> <span class='ocrx_word' id='word_1_162' title='bbox 876 2850 930 2899; x_wconf 86' lang='lat' dir='ltr'>aut</span> <span class='ocrx_word' id='word_1_163' title='bbox 955 2833 1020 2901; x_wconf 87' lang='lat' dir='ltr'>alio</span> <span class='ocrx_word' id='word_1_164' title='bbox 1043 2835 1181 2901; x_wconf 87' lang='lat' dir='ltr'>omnino</span> 
     </span>
     <span class='ocr_line' id='line_1_23' title="bbox 143 2945 1182 3048; baseline 0 -27"><span class='ocrx_word' id='word_1_165' title='bbox 143 2945 215 3021; x_wconf 83' lang='lat' dir='ltr'>dine</span> <span class='ocrx_word' id='word_1_166' title='bbox 242 2949 434 3048; x_wconf 79' lang='lat' dir='ltr'>superstites</span> <span class='ocrx_word' id='word_1_167' title='bbox 472 2947 579 3022; x_wconf 77' lang='lat' dir='ltr'>Plauti</span> <span class='ocrx_word' id='word_1_168' title='bbox 600 2946 737 3022; x_wconf 73' lang='lat' dir='ltr'>tabulas..</span> <span class='ocrx_word' id='word_1_169' title='bbox 753 2949 860 3018; x_wconf 86' lang='lat' dir='ltr'>Varro</span> <span class='ocrx_word' id='word_1_170' title='bbox 887 2947 1065 3043; x_wconf 82' lang='lat' dir='ltr'>disposuit:</span> <span class='ocrx_word' id='word_1_171' title='bbox 1105 2974 1182 3023; x_wconf 80' lang='lat' dir='ltr'>natu</span> 
     </span>
    </p>
   </div>
   <div class='ocr_carea' id='block_1_7' title="bbox 143 3129 354 3138">
    <p class='ocr_par' dir='ltr' id='par_1_7' title="bbox 143 3129 354 3138">
     <span class='ocr_line' id='line_1_24' title="bbox 143 3129 354 3138; baseline -0.009 0"><span class='ocrx_word' id='word_1_172' title='bbox 143 3129 289 3138; x_wconf 61' lang='lat'><em>———..-</em></span> <span class='ocrx_word' id='word_1_173' title='bbox 294 3129 354 3136; x_wconf 70' lang='lat'>..—</span> 
     </span>
    </p>
   </div>
   <div class='ocr_carea' id='block_1_8' title="bbox 143 3191 1216 3522">
    <p class='ocr_par' dir='ltr' id='par_1_8' title="bbox 146 3191 914 3261">
     <span class='ocr_line' id='line_1_25' title="bbox 146 3191 914 3261; baseline 0 -15"><span class='ocrx_word' id='word_1_174' title='bbox 146 3194 174 3261; x_wconf 71' lang='lat'>*)</span> <span class='ocrx_word' id='word_1_175' title='bbox 202 3192 242 3246; x_wconf 84' lang='lat' dir='ltr'>ct</span> <span class='ocrx_word' id='word_1_176' title='bbox 262 3201 347 3244; x_wconf 82' lang='lat' dir='ltr'>tamen</span> <span class='ocrx_word' id='word_1_177' title='bbox 368 3192 419 3246; x_wconf 83' lang='lat' dir='ltr'>Ott.</span> <span class='ocrx_word' id='word_1_178' title='bbox 438 3191 510 3248; x_wconf 82' lang='lat' dir='ltr'>lehn·</span> <span class='ocrx_word' id='word_1_179' title='bbox 532 3193 558 3243; x_wconf 86' lang='lat' dir='ltr'>in</span> <span class='ocrx_word' id='word_1_180' title='bbox 576 3193 640 3244; x_wconf 83' lang='lat' dir='ltr'>iiius.</span> <span class='ocrx_word' id='word_1_181' title='bbox 661 3192 725 3260; x_wconf 82' lang='lat' dir='ltr'>phil.</span> <span class='ocrx_word' id='word_1_182' title='bbox 745 3193 791 3256; x_wconf 86' lang='lat' dir='ltr'>itt,</span> <span class='ocrx_word' id='word_1_183' title='bbox 809 3208 834 3260; x_wconf 90' lang='lat' dir='ltr'>p.</span> <span class='ocrx_word' id='word_1_184' title='bbox 855 3193 914 3246; x_wconf 83' lang='lat' dir='ltr'>tto.</span> 
     </span>
    </p>

    <p class='ocr_par' dir='ltr' id='par_1_9' title="bbox 143 3279 1216 3522">
     <span class='ocr_line' id='line_1_26' title="bbox 143 3279 1181 3356; baseline 0.006 -26"><span class='ocrx_word' id='word_1_185' title='bbox 143 3279 179 3350; x_wconf 63' lang='grc' dir='ltr'>Μ)</span> <span class='ocrx_word' id='word_1_186' title='bbox 201 3279 229 3336; x_wconf 87' lang='lat' dir='ltr'>ld</span> <span class='ocrx_word' id='word_1_187' title='bbox 249 3279 352 3347; x_wconf 79' lang='lat' dir='ltr'>quidem</span> <span class='ocrx_word' id='word_1_188' title='bbox 372 3295 427 3337; x_wconf 83' lang='lat' dir='ltr'>cem</span> <span class='ocrx_word' id='word_1_189' title='bbox 446 3279 479 3329; x_wconf 91' lang='lat' dir='ltr'>ob</span> <span class='ocrx_word' id='word_1_190' title='bbox 498 3294 623 3344; x_wconf 79' lang='lat' dir='ltr'>caussam,</span> <span class='ocrx_word' id='word_1_191' title='bbox 641 3295 707 3356; x_wconf 84' lang='lat' dir='ltr'>qnae</span> <span class='ocrx_word' id='word_1_192' title='bbox 725 3280 868 3346; x_wconf 78' lang='lat' dir='ltr'>significate</span> <span class='ocrx_word' id='word_1_193' title='bbox 890 3289 930 3339; x_wconf 83' lang='lat' dir='ltr'>est</span> <span class='ocrx_word' id='word_1_194' title='bbox 948 3281 1017 3338; x_wconf 82' lang='lat' dir='ltr'>Diss.</span> <span class='ocrx_word' id='word_1_195' title='bbox 1030 3281 1076 3342; x_wconf 84' lang='lat' dir='ltr'>lit,</span> <span class='ocrx_word' id='word_1_196' title='bbox 1094 3296 1119 3348; x_wconf 89' lang='lat' dir='ltr'>p.</span> <span class='ocrx_word' id='word_1_197' title='bbox 1133 3280 1181 3336; x_wconf 77' lang='lat' dir='ltr'>iti</span> 
     </span>
     <span class='ocr_line' id='line_1_27' title="bbox 200 3365 1183 3439; baseline 0.001 -22"><span class='ocrx_word' id='word_1_198' title='bbox 200 3383 239 3439; x_wconf 84' lang='lat' dir='ltr'>sq.</span> <span class='ocrx_word' id='word_1_199' title='bbox 273 3367 294 3417; x_wconf 88' lang='grc' dir='ltr'>Ε</span> <span class='ocrx_word' id='word_1_200' title='bbox 312 3383 361 3434; x_wconf 83' lang='lat' dir='ltr'>que</span> <span class='ocrx_word' id='word_1_201' title='bbox 379 3366 559 3418; x_wconf 83' lang='lat' dir='ltr'>dissertatione</span> <span class='ocrx_word' id='word_1_202' title='bbox 579 3365 690 3432; x_wconf 84' lang='lat' dir='ltr'>plenius,</span> <span class='ocrx_word' id='word_1_203' title='bbox 708 3383 772 3436; x_wconf 87' lang='lat' dir='ltr'>quus</span> <span class='ocrx_word' id='word_1_204' title='bbox 791 3367 840 3425; x_wconf 88' lang='lat' dir='ltr'>hoc</span> <span class='ocrx_word' id='word_1_205' title='bbox 859 3383 942 3435; x_wconf 79' lang='lat' dir='ltr'>genus</span> <span class='ocrx_word' id='word_1_206' title='bbox 960 3371 1106 3428; x_wconf 79' lang='lat' dir='ltr'>uuiversum</span> <span class='ocrx_word' id='word_1_207' title='bbox 1118 3384 1183 3424; x_wconf 69' lang='lat' dir='ltr'>cau--</span> 
     </span>
     <span class='ocr_line' id='line_1_28' title="bbox 200 3412 1216 3522; baseline -0.002 -17"><span class='ocrx_word' id='word_1_208' title='bbox 200 3456 285 3514; x_wconf 75' lang='lat' dir='ltr'>tiones</span> <span class='ocrx_word' id='word_1_209' title='bbox 303 3453 405 3518; x_wconf 82' lang='lat' dir='ltr'>habeat,</span> <span class='ocrx_word' id='word_1_210' title='bbox 424 3470 584 3522; x_wconf 84' lang='lat' dir='ltr'>cognoscere</span> <span class='ocrx_word' id='word_1_211' title='bbox 601 3453 673 3511; x_wconf 82' lang='lat' dir='ltr'>licet.</span> <span class='ocrx_word' id='word_1_212' title='bbox 1186 3412 1216 3503; x_wconf 49' lang='grc' dir='ltr'><strong><em>ι</em></strong></span> 
     </span>
    </p>
   </div>
   <div class='ocr_carea' id='block_1_9' title="bbox 143 3557 1182 3889">
    <p class='ocr_par' dir='ltr' id='par_1_10' title="bbox 143 3557 1182 3889">
     <span class='ocr_line' id='line_1_29' title="bbox 143 3557 1182 3638; baseline -0.004 -26"><span class='ocrx_word' id='word_1_213' title='bbox 143 3559 176 3629; x_wconf 73' lang='grc'>*)</span> <span class='ocrx_word' id='word_1_214' title='bbox 200 3557 363 3612; x_wconf 85' lang='lat' dir='ltr'>Praeclarum</span> <span class='ocrx_word' id='word_1_215' title='bbox 382 3574 439 3616; x_wconf 85' lang='lat' dir='ltr'>cum</span> <span class='ocrx_word' id='word_1_216' title='bbox 458 3559 534 3623; x_wconf 89' lang='lat' dir='ltr'>dico,</span> <span class='ocrx_word' id='word_1_217' title='bbox 562 3558 669 3610; x_wconf 84' lang='lat' dir='ltr'>discedo</span> <span class='ocrx_word' id='word_1_218' title='bbox 689 3557 801 3638; x_wconf 19' lang='lat' dir='ltr'>abieno</span> <span class='ocrx_word' id='word_1_219' title='bbox 828 3559 887 3614; x_wconf 90' lang='lat' dir='ltr'>loco</span> <span class='ocrx_word' id='word_1_220' title='bbox 918 3576 943 3634; x_wconf 89' lang='lat' dir='ltr'>p.</span> <span class='ocrx_word' id='word_1_221' title='bbox 966 3560 1026 3622; x_wconf 82' lang='lat'>109,</span> <span class='ocrx_word' id='word_1_222' title='bbox 1057 3559 1101 3610; x_wconf 89' lang='lat' dir='ltr'>ubi</span> <span class='ocrx_word' id='word_1_223' title='bbox 1120 3559 1182 3617; x_wconf 71' lang='lat' dir='ltr'>Attii</span> 
     </span>
     <span class='ocr_line' id='line_1_30' title="bbox 202 3645 1147 3714; baseline 0 -18"><span class='ocrx_word' id='word_1_224' title='bbox 202 3646 271 3714; x_wconf 80' lang='lat' dir='ltr'>apud</span> <span class='ocrx_word' id='word_1_225' title='bbox 288 3645 397 3698; x_wconf 85' lang='lat' dir='ltr'>Nonium</span> <span class='ocrx_word' id='word_1_226' title='bbox 415 3662 440 3712; x_wconf 77' lang='lat' dir='ltr'>p,</span> <span class='ocrx_word' id='word_1_227' title='bbox 453 3646 511 3709; x_wconf 80' lang='lat'>150,</span> <span class='ocrx_word' id='word_1_228' title='bbox 528 3649 561 3699; x_wconf 78' lang='lat'>12</span> <span class='ocrx_word' id='word_1_229' title='bbox 578 3654 739 3697; x_wconf 77' lang='lat' dir='ltr'>tetrametros</span> <span class='ocrx_word' id='word_1_230' title='bbox 756 3648 872 3713; x_wconf 86' lang='lat' dir='ltr'>potuisse</span> <span class='ocrx_word' id='word_1_231' title='bbox 892 3647 938 3698; x_wconf 88' lang='lat' dir='ltr'>bos</span> <span class='ocrx_word' id='word_1_232' title='bbox 952 3663 1010 3698; x_wconf 86' lang='lat' dir='ltr'>esse</span> <span class='ocrx_word' id='word_1_233' title='bbox 1027 3645 1147 3702; x_wconf 74' lang='lat' dir='ltr'>credidit:</span> 
     </span>
     <span class='ocr_line' id='line_1_31' title="bbox 210 3733 1034 3803; baseline 0.001 -19"><span class='ocrx_word' id='word_1_234' title='bbox 210 3759 222 3790; x_wconf 71' lang='lat'>0</span> <span class='ocrx_word' id='word_1_235' title='bbox 297 3733 334 3791; x_wconf 75' lang='lat' dir='ltr'>Et</span> <span class='ocrx_word' id='word_1_236' title='bbox 353 3750 382 3784; x_wconf 82' lang='lat' dir='ltr'>eo</span> <span class='ocrx_word' id='word_1_237' title='bbox 399 3735 663 3801; x_wconf 77' lang='lat' dir='ltr'>plectuotnrpoetoe‚</span> <span class='ocrx_word' id='word_1_238' title='bbox 682 3750 757 3800; x_wconf 74' lang='lat' dir='ltr'>quam</span> <span class='ocrx_word' id='word_1_239' title='bbox 773 3737 907 3797; x_wconf 73' lang='lat' dir='ltr'>saevitis,</span> <span class='ocrx_word' id='word_1_240' title='bbox 924 3737 1034 3803; x_wconf 75' lang='lat' dir='ltr'>saepius,</span> 
     </span>
     <span class='ocr_line' id='line_1_32' title="bbox 295 3819 960 3889; baseline 0.008 -20"><span class='ocrx_word' id='word_1_241' title='bbox 295 3819 480 3874; x_wconf 81' lang='lat' dir='ltr'>Doctobiis‘tcte</span> <span class='ocrx_word' id='word_1_242' title='bbox 497 3821 579 3870; x_wconf 71' lang='lat' dir='ltr'>niodo</span> <span class='ocrx_word' id='word_1_243' title='bbox 595 3829 681 3872; x_wconf 78' lang='lat' dir='ltr'>oestro</span> <span class='ocrx_word' id='word_1_244' title='bbox 700 3829 745 3870; x_wconf 82' lang='lat' dir='ltr'>out</span> <span class='ocrx_word' id='word_1_245' title='bbox 761 3823 960 3889; x_wconf 78' lang='lat' dir='ltr'>perper-itudioe.</span> 
     </span>
    </p>
   </div>
   <div class='ocr_carea' id='block_1_10' title="bbox 150 3919 1185 4432">
    <p class='ocr_par' dir='ltr' id='par_1_11' title="bbox 150 3919 1185 4432">
     <span class='ocr_line' id='line_1_33' title="bbox 150 3919 1183 3996; baseline -0.001 -23"><span class='ocrx_word' id='word_1_246' title='bbox 150 3949 151 3952; x_wconf 36' lang='lat'>¹</span> <span class='ocrx_word' id='word_1_247' title='bbox 199 3921 263 3981; x_wconf 74' lang='lat' dir='ltr'>iiam</span> <span class='ocrx_word' id='word_1_248' title='bbox 283 3921 315 3972; x_wconf 89' lang='lat' dir='ltr'>de</span> <span class='ocrx_word' id='word_1_249' title='bbox 333 3924 410 3974; x_wconf 74' lang='lat' dir='ltr'>tertio</span> <span class='ocrx_word' id='word_1_250' title='bbox 426 3924 495 3973; x_wconf 80' lang='lat' dir='ltr'>occis</span> <span class='ocrx_word' id='word_1_251' title='bbox 515 3922 785 3978; x_wconf 77' lang='lat' dir='ltr'>ductobiiitotc</span> <span class='ocrx_word' id='word_1_252' title='bbox 810 3923 910 3996; x_wconf 71' lang='lat' dir='ltr'>syllaba</span> <span class='ocrx_word' id='word_1_253' title='bbox 926 3925 979 3975; x_wconf 79' lang='lat' dir='ltr'>istst</span> <span class='ocrx_word' id='word_1_254' title='bbox 992 3920 1120 3995; x_wconf 74' lang='lat' dir='ltr'>producto</span> <span class='ocrx_word' id='word_1_255' title='bbox 1140 3919 1183 3972; x_wconf 72' lang='lat' dir='ltr'>ib·-</span> 
     </span>
     <span class='ocr_line' id='line_1_34' title="bbox 201 4008 606 4080; baseline -0.007 -21"><span class='ocrx_word' id='word_1_256' title='bbox 201 4008 270 4080; x_wconf 74' lang='lat' dir='ltr'>tellit</span> <span class='ocrx_word' id='word_1_257' title='bbox 288 4025 347 4066; x_wconf 82' lang='lat' dir='ltr'>euin</span> <span class='ocrx_word' id='word_1_258' title='bbox 368 4010 464 4075; x_wconf 77' lang='lat' dir='ltr'>opinio.</span> <span class='ocrx_word' id='word_1_259' title='bbox 500 4008 606 4061; x_wconf 80' lang='lat' dir='ltr'>Scribe:</span> 
     </span>
     <span class='ocr_line' id='line_1_35' title="bbox 295 4092 1023 4162; baseline -0.014 -11"><span class='ocrx_word' id='word_1_260' title='bbox 295 4096 347 4154; x_wconf 75' lang='lat' dir='ltr'>dut</span> <span class='ocrx_word' id='word_1_261' title='bbox 366 4096 541 4153; x_wconf 74' lang='lat' dir='ltr'>doetobiis&#39;tote</span> <span class='ocrx_word' id='word_1_262' title='bbox 559 4097 641 4147; x_wconf 76' lang='lat' dir='ltr'>nimia</span> <span class='ocrx_word' id='word_1_263' title='bbox 659 4104 745 4152; x_wconf 77' lang='lat' dir='ltr'>cestra</span> <span class='ocrx_word' id='word_1_264' title='bbox 765 4103 809 4147; x_wconf 77' lang='lat' dir='ltr'>aut</span> <span class='ocrx_word' id='word_1_265' title='bbox 825 4092 1023 4162; x_wconf 74' lang='lat' dir='ltr'>perperitudioe.</span> 
     </span>
     <span class='ocr_line' id='line_1_36' title="bbox 202 4176 1185 4251; baseline -0.006 -16"><span class='ocrx_word' id='word_1_266' title='bbox 202 4185 257 4236; x_wconf 87' lang='lat' dir='ltr'>Nisi</span> <span class='ocrx_word' id='word_1_267' title='bbox 277 4183 380 4251; x_wconf 90' lang='lat' dir='ltr'>quidem</span> <span class='ocrx_word' id='word_1_268' title='bbox 400 4184 507 4234; x_wconf 85' lang='lat' dir='ltr'>ulterius</span> <span class='ocrx_word' id='word_1_269' title='bbox 529 4185 676 4235; x_wconf 83' lang='lat' dir='ltr'>continuata</span> <span class='ocrx_word' id='word_1_270' title='bbox 696 4184 844 4234; x_wconf 75' lang='lat' dir='ltr'>orationes</span> <span class='ocrx_word' id='word_1_271' title='bbox 866 4180 938 4244; x_wconf 82' lang='lat' dir='ltr'>Quod</span> <span class='ocrx_word' id='word_1_272' title='bbox 954 4179 996 4230; x_wconf 87' lang='lat' dir='ltr'>vei</span> <span class='ocrx_word' id='word_1_273' title='bbox 1012 4180 1075 4230; x_wconf 76' lang='lat' dir='ltr'>Cam</span> <span class='ocrx_word' id='word_1_274' title='bbox 1092 4176 1134 4229; x_wconf 88' lang='lat' dir='ltr'>vel</span> <span class='ocrx_word' id='word_1_275' title='bbox 1155 4177 1185 4230; x_wconf 76' lang='lat' dir='ltr'>Vt</span> 
     </span>
     <span class='ocr_line' id='line_1_37' title="bbox 202 4265 1185 4338; baseline -0.009 -14"><span class='ocrx_word' id='word_1_276' title='bbox 202 4288 294 4324; x_wconf 79' lang='lat' dir='ltr'>uersus</span> <span class='ocrx_word' id='word_1_277' title='bbox 314 4271 461 4337; x_wconf 83' lang='lat' dir='ltr'>incipiebat.</span> <span class='ocrx_word' id='word_1_278' title='bbox 501 4271 563 4338; x_wconf 72' lang='lat' dir='ltr'>(aar</span> <span class='ocrx_word' id='word_1_279' title='bbox 581 4270 752 4327; x_wconf 71' lang='lat' dir='ltr'>adiiciendum</span> <span class='ocrx_word' id='word_1_280' title='bbox 770 4284 830 4322; x_wconf 82' lang='lat' dir='ltr'>csse</span> <span class='ocrx_word' id='word_1_281' title='bbox 848 4268 924 4321; x_wconf 76' lang='lat' dir='ltr'>etium</span> <span class='ocrx_word' id='word_1_282' title='bbox 943 4265 1102 4324; x_wconf 84' lang='lat' dir='ltr'>Hermeunus</span> <span class='ocrx_word' id='word_1_283' title='bbox 1121 4265 1185 4318; x_wconf 84' lang='lat' dir='ltr'>vidit</span> 
     </span>
     <span class='ocr_line' id='line_1_38' title="bbox 203 4359 556 4432; baseline -0.003 -20"><span class='ocrx_word' id='word_1_284' title='bbox 203 4360 236 4419; x_wconf 89' lang='lat' dir='ltr'>de</span> <span class='ocrx_word' id='word_1_285' title='bbox 252 4360 306 4413; x_wconf 79' lang='lat' dir='ltr'>Att</span> <span class='ocrx_word' id='word_1_286' title='bbox 325 4359 453 4418; x_wconf 80' lang='lat' dir='ltr'>Diduscul.</span> <span class='ocrx_word' id='word_1_287' title='bbox 471 4374 496 4427; x_wconf 82' lang='lat' dir='ltr'>p.</span> <span class='ocrx_word' id='word_1_288' title='bbox 517 4359 556 4432; x_wconf 71' lang='grc'>3,)</span> 
     </span>
    </p>
   </div>
   <div class='ocr_carea' id='block_1_11' title="bbox 0 0 1441 4942">
    <p class='ocr_par' dir='ltr' id='par_1_12' title="bbox 0 0 1441 4942">
     <span class='ocr_line' id='line_1_39' title="bbox 0 0 1441 4942; baseline 0 0"><span class='ocrx_word' id='word_1_289' title='bbox 0 0 1441 4942; x_wconf 95' lang='lat' dir='ltr'> </span> 
     </span>
    </p>
   </div>
  </div>
 </body>
</html>
