2872 4942
160 333 231 410 526
477 362 518 403 rx.
570 361 611 403 ne
637 328 928 406 turrianorxrrere

164 536 228 600 cim
255 533 396 613 litterae,
424 551 598 625 quaesunt
621 539 759 607 ratione
777 530 934 614 debuisti,
962 534 1146 607 sufficiant.
1174 534 1257 628 Ergo

156 651 287 747 insertp
310 650 528 741 pronomine,
559 650 652 742 quod
679 650 892 716 librariorum
918 651 1052 718 incuria
1079 650 1255 747 permultis

162 762 324 856 exemplis
353 763 500 844 excidit,
529 769 577 830 sic
601 763 658 830 illa
684 764 894 857 redintegra:
932 789 1020 856 quas
1047 766 1094 831 de
1117 771 1253 833 ratione

162 885 207 946 ei
230 879 385 946 debuisti.
421 880 553 972 Prologi
577 907 604 946 v.
635 883 678 948 15
705 906 782 947 cum
808 880 1000 977 vulgaretur
1022 882 1125 949 Dedi
1149 908 1251 949 meam

162 1013 332 1087 gnatam,
371 1013 465 1061 recte
500 994 590 1061 idem
624 1020 811 1087 pronomen
839 1021 898 1063 suo
933 997 1010 1064 loco
1041 998 1251 1065 Hermannus

160 1113 325 1190 restituit,
364 1136 429 1176 nee
455 1110 696 1177 Ambrosianus
734 1130 860 1179 tantum
894 1137 986 1179 nunc
1017 1111 1109 1179 illud
1136 1133 1251 1193 tuetur,

163 1227 222 1293 sed
248 1245 433 1292 monstrare
461 1228 559 1292 etiam
584 1227 690 1292 Vetus
718 1226 885 1293 Palatinus
911 1227 1048 1319 pridem
1083 1228 1249 1321 potuerat,¹

162 1344 198 1409 in
221 1367 288 1435 quo
316 1359 365 1408 est
390 1340 570 1407 dediemed
594 1359 752 1433 gnatam.
790 1342 950 1409 Eiusdem
976 1318 1252 1424 Trinummi'rv,

167 1465 197 1539 1,
224 1461 271 1528 85
308 1457 387 1524 libri
428 1458 607 1523 exhibent:
651 1458 847 1523 iamdudum
879 1454 1030 1525 dbriust:
1061 1463 1075 1524 ll
1111 1454 1251 1552 Quidvis

119 1640 123 1645 ,
161 1574 312 1668 probare
334 1570 475 1667 po'terit.
519 1576 595 1641 Non
622 1576 687 1641 hoc
714 1594 834 1655 autem,
861 1574 922 1640 sed
950 1573 1040 1640 aliud
1068 1579 1250 1643 sententiae

163 1692 247 1757 ratio
274 1691 392 1783 poscit,
419 1689 511 1782 quod
539 1691 684 1756 sentiens
711 1691 920 1756 Hermannus
943 1689 1091 1782 probari
1109 1694 1247 1784 scripsit

167 1806 237 1872 Sed
262 1832 304 1871 ne
330 1805 364 1870 id
391 1805 528 1898 quidem
554 1808 631 1872 satis
657 1825 723 1872 est:
753 1805 963 1872 confidenter
988 1832 1126 1873 mecum
1154 1832 1248 1900 repo-

163 1949 216 2003 ne,
243 1948 310 2016 quo
333 1924 403 2015 ipsa
428 1921 586 2014 produce
612 1919 717 1988 sorma
742 1921 911 2001 ducimur,
942 1921 1086 2012 Quidvis
1110 1923 1249 2016 probari

164 2043 203 2104 ei
224 2043 362 2131 poterit.
414 2037 575 2104 Tollendi
601 2022 706 2104 hiatus
734 2063 848 2107 caussa
870 2039 896 2117 l,
924 2041 957 2117 2,
988 2041 1055 2106 121
1080 2039 1245 2106 Herman-

109 2232 115 2243 .
165 2180 227 2220 nus
253 2155 420 2220 inserebat
445 2154 518 2232 dli,-
549 2152 609 2220 sed
641 2154 834 2221 credibilius
859 2171 909 2220 est
934 2172 1011 2246 post
1036 2148 1172 2220 dotem
1196 2152 1246 2221 e'x-

103 2258 107 2271 Ι
169 2270 291 2338 cidisse
318 2275 365 2335 ei:

175 2410 179 2421 ’
270 2388 369 2476 Quae
387 2380 471 2450 mibi
486 2384 696 2465 ntandatast,
723 2383 843 2466 lta'beo,
866 2385 982 2451 dotem
1005 2389 1040 2451 ei
1055 2379 1147 2452 dude
1165 2385 1239 2450 dem

164 2505 283 2569 Parum
309 2504 415 2568 bonos
441 2519 599 2569 accentus
627 2501 718 2566 idem
748 2503 788 2578 ll,
813 2499 909 2580 51,ὃὸ
934 2499 1104 2568 toleravit:

263 2613 377 2687 Multa
399 2635 451 2684 est
475 2642 581 2710 opera
606 2611 708 2706 optis
727 2601 901 2709 fleturae,
934 2612 993 2709 qui
1023 2643 1062 2682 se
1084 2611 1233 2710 steterim

762 2731 892 2796 bonum'

271 2843 374 2917 Vitae
400 2847 563 2938 agundae
590 2872 662 2913 esse
688 2843 828 2939 dxpetit.

168 2967 206 3030 ln
234 2966 455 3030 Ambrosieno
484 2963 601 3030 codice
628 2966 717 3028 inter
744 2987 850 3054 opera
871 2989 987 3030 vocem
1014 2980 1047 3029 et
1063 2981 1085 3048 ⁴t
1111 2963 1231 3028 litteram

168 3079 427 3170 vocisstcturae
453 3082 562 3145 notavi
589 3103 708 3144 novem
736 3078 899 3144 decemve
929 3079 1119 3145 litterarum
1152 3077 1230 3171 spatia

170 3223 265 3264 esse:
305 3224 322 3262 e
350 3220 416 3287 quo
444 3194 606 3288 colligere
634 3194 716 3260 licet
738 3197 899 3287 scriptum
927 3197 1075 3261 extitisse
1108 3190 1231 3262 Multust

170 3337 275 3403 opera
301 3316 343 3376 ei
367 3294 448 3402 tipus
463 3307 674 3400 ficturde.*)
726 3311 796 3375 Nisi
823 3309 959 3402 quidem
980 3287 1131 3404 'abipso
1156 3325 1236 3403 poeta

170 3434 266 3496 etiem
310 3427 492 3520 elegantius
525 3430 572 3494 sic
608 3427 692 3494 haec
729 3426 889 3493 collocate
926 3427 1038 3492 fuere:
1079 3422 1190 3496 Mrilta
1215 3425 1239 3488 εἰ

171 3570 275 3638 opera
301 3561 352 3608 est
378 3538 459 3635 o'pus
471 3542 637 3634 ficturoe.
681 3542 838 3608 Eiusdem
858 3543 1133 3634 pronominis¹*)·
1158 3545 1242 3610 etiam

230 3808 254 3877 *)
272 3805 362 3856 Eidem
384 3822 445 3873 opus
463 3805 521 3854 voci
539 3821 612 3855 suum
633 3813 766 3855 accentum
786 3805 861 3855 etiam
880 3803 915 3868 Il,
935 3804 961 3868 4,
981 3805 1016 3856 83
1033 3805 1133 3858 redde:

366 3901 405 3952 De
426 3902 480 3952 dote
497 3911 524 3952 ut
541 3903 635 3965 uideat,
654 3902 714 3968 quid
731 3904 801 3967 sueto
821 3917 882 3970 opus
899 3901 941 3952 sit.
980 3899 998 3952 '1
1013 3901 1100 3952 modo.

275 3997 323 4047 Vbi
345 3997 465 4064 vulgetur
485 3999 544 4064 quid
559 4015 620 4066 opus
636 3999 670 4047 sit
686 4000 765 4063 facto.

210 4096 262 4164 Ἡ)
280 4094 416 4146 Trinummi
435 4094 468 4159 11,
488 4096 512 4159 2,
530 4096 565 4146 83
590 4108 646 4144 cunt
665 4094 692 4143 in
709 4093 880 4144 Ambrosiano
899 4091 965 4142 libro
986 4092 1047 4158 quoi
1065 4102 1094 4145 tu
1113 4111 1162 4162 pro
1179 4097 1261 4164 quoius

275 4199 371 4240 exstet:

372 4286 436 4348 Quoi
456 4293 483 4334 tu
497 4289 632 4350 epestute'm
651 4283 763 4332 tolerare
782 4283 847 4337 vis?
864 4282 967 4348 loquere
985 4284 1118 4336 arrdacte'r
1135 4275 1226 4356 patri:

190 4383 201 4393 ”
276 4382 463 4430 consectarium
490 4386 530 4431 est
558 4379 673 4429 ciusdem
700 4394 794 4430 scenae
823 4379 940 4431 versibus
959 4381 993 4432 03
1014 4388 1040 4430 ct
1059 4381 1100 4435 96
1129 4386 1184 4435 eius
1202 4387 1228 4435 in
1246 4384 1267 4433 ei
