2872 4942
175 334 247 405 450
383 359 450 402 vut.
488 358 530 401 ne
558 357 705 400 renarro
732 355 903 400 scentuvu
931 356 1053 400 cautae

175 539 337 604 Ceterum
371 532 463 624 quod
502 559 545 629 ne
578 530 811 624 sicquidem,
853 557 1043 624 quanquam
1073 529 1300 598 duobusilr

173 652 291 742 pagiua
327 651 399 716 302
439 649 589 713 versibus
623 646 883 726 accedentibus,
919 645 1077 737 expletur
1112 664 1297 714 constans

171 765 378 856 undeviginti
400 789 552 830 versuum
578 786 745 842 numerus,
771 760 806 826 id
837 759 1010 853 duplicem
1035 787 1182 828 caussam
1206 763 1292 828 ha-

171 881 240 944 bet.
292 877 373 942 Nam
401 901 471 942 nou
494 875 594 942 modo
621 877 776 942 binorum
804 877 907 968 spatia
934 875 1032 943 divisi
1053 905 1102 944 vv.
1134 879 1189 945 15.
1214 883 1285 948 21

173 1011 205 1057 et
231 996 277 1062 22
305 1009 460 1084 aequant,
484 991 545 1057 sed
573 990 639 1058 duo
667 1010 842 1084 praeterea
867 1009 947 1084 post
967 1018 996 1058 v.
1014 994 1057 1060 15
1084 995 1189 1085 spatia
1206 995 1289 1059 in-

170 1107 350 1173 tercedunt
371 1131 477 1172 novae
503 1131 631 1189 scenae,
658 1124 695 1171 ut
720 1124 984 1175 consentaneum
1010 1124 1070 1190 est,
1097 1109 1140 1174 ab
1163 1135 1191 1175 v.
1211 1112 1279 1182 16

171 1223 380 1292 ordiundaet

259 1334 355 1406 'Ilico
379 1345 474 1404 intra
500 1334 604 1404 limen
630 1342 698 1403 istu
722 1336 824 1420 stu'te,
847 1354 894 1418 ut,
921 1363 995 1404 cum
1018 1335 1186 1431 extemplo'
1200 1363 1275 1405 νο-

667 1479 753 1520 cem:
1001 1511 1005 1521 .
1037 1427 1041 1438 Ι

169 1572 219 1637 sic
241 1571 330 1636 enim
355 1571 570 1636 Ambrosiani
596 1571 655 1637 has
679 1569 804 1638 litteras
830 1572 1015 1639 LIMENIS
1037 1621 1045 1638 .
1066 1571 1154 1640 AST
1177 1620 1187 1637 .
1211 1620 1222 1636 .
1253 1620 1260 1636 .

171 1736 180 1750 .
207 1733 241 1752 ..
268 1686 339 1752 UM
365 1687 597 1777 interpretor,
634 1712 709 1752 cum
731 1687 828 1780 vulgo
855 1690 898 1754 sit
923 1690 1027 1754 limen
1049 1705 1161 1755 astare
1180 1687 1252 1753 illic

169 1819 206 1867 ut
223 1827 309 1877 cum,
332 1827 396 1894 pro
422 1826 489 1894 quo
512 1821 616 1883 recte,
640 1804 766 1896 absque
779 1805 1002 1872 Ambrosiano
1024 1823 1123 1888 esset,
1144 1817 1249 1870 astate

167 1919 219 1985 illi
235 1919 382 1985 Bothius.

667 2226 697 2314 §-
724 2228 759 2294 a.

287 2499 427 2562 Praeter
465 2495 606 2562 schedas
641 2513 747 2562 autem
775 2500 812 2564 M
841 2501 929 2583 etQ
961 2499 1108 2593 singulos
1139 2513 1227 2565 versus
1314 2520 1321 2548 <¹

162 2638 252 2679 nunc
290 2611 420 2704 elapsos
457 2615 827 2705 couse1·va1·uug„etiam
858 2617 877 2680 J
909 2633 943 2681 et
973 2616 1015 2682 N.
1082 2615 1227 2682 Perdunt

165 2729 252 2792 enim
277 2727 342 2794 huc
369 2754 416 2807 ca,
446 2755 531 2821 quae
556 2712 751 2796 incredibili
778 2750 812 2797 et
835 2731 1038 2824 negligentia
1056 2751 1091 2799 et
1115 2745 1226 2825 parrer·
1294 2732 1297 2790 f

163 2847 257 2909 sitate
291 2844 440 2935 Angelus
476 2846 583 2910 Maius
612 2844 653 2910 de
680 2845 816 2912 ineditis
850 2848 1068 2940 quibusdam,
1113 2870 1186 2941 quos
1202 2838 1226 2902 11¹
1292 2851 1298 2904 J

162 2960 384 3024 Ambrosiano
413 2959 530 3026 codice
556 2964 762 3053 reppererit,
789 2964 938 3030 versibus
964 2965 1014 3030 his
1041 2965 1150 3030 verbis
1170 2976 1226 3025 nar·

161 3091 229 3139 rat:
259 3075 305 3140 In
331 3074 398 3139 alio
424 3076 663 3141 Mostellariae
677 3077 775 3163 folio
799 3078 885 3142 haec
907 3076 1082 3168 legebam:

264 3192 346 3257 Non
373 3188 494 3280 edepol
521 3191 628 3262 video.
679 3190 728 3260 At
753 3217 818 3284 ego
846 3193 942 3260 video
968 3195 1132 3262 volturios
1154 3191 1225 3260 duos.

260 3417 372 3487 Puere
399 3439 501 3512 atque
552 3472 560 3488 .
613 3473 621 3487 .
673 3472 681 3489 .
734 3472 743 3490 .

162 3540 310 3619 Quorum
337 3539 443 3627 priori
470 3565 545 3604 cum
570 3556 746 3630 praeterea
774 3541 920 3608 conferri
944 3544 1059 3610 iubeat
1076 3549 1170 3614 Most
1182 3530 1226 3608 lli,
1294 3554 1298 3615 i

163 3656 196 3731 2,
226 3651 293 3720 147
312 3677 406 3744 sqq.:
443 3654 507 3719 hoc
544 3679 643 3720 omne
681 3655 778 3748 quale
804 3656 939 3724 tandem
967 3661 1009 3727 sit
1036 3679 1071 3728 et
1102 3678 1250 3757 quove·¹

161 3766 238 3848 leat,
267 3766 455 3859 diligentius
484 3768 674 3837 declarabo.
736 3773 801 3838 Vix
828 3775 917 3838 enim
943 3777 1141 3844 mortalium·
1158 3773 1228 3868 quir
1296 3786 1299 3794 “

163 3909 260 3973 quarn
289 3881 468 3947 divinando
495 3883 580 3949 illud
603 3905 808 3976 assequatur,
834 3891 982 3979 priorem
1009 3918 1159 3970 versum,
1181 3873 1227 3954 se<l

163 3995 288 4089 aliquot
306 3997 441 4089 syllabis
455 4002 648 4078 auctiorem,
669 4003 815 4092 positum
831 4029 902 4070 esse
922 4024 999 4096 post
1011 4009 1123 4100 ipsum
1142 4004 1227 4072 illum
1298 3990 1301 4020 ³

165 4137 263 4201 quem
291 4132 528 4179 commemorat
559 4116 684 4191 Maius,
717 4142 846 4182 versum
877 4115 943 4188 117
973 4148 1019 4188 sc.
1044 4125 1067 4190 2
1091 4141 1152 4189 act.
1173 4111 1225 4181 111²
1299 4151 1300 4191 t

164 4223 301 4291 alterum
326 4247 433 4294 autem
461 4227 562 4321 longo
589 4231 629 4294 ab
656 4229 714 4296 illo
741 4234 913 4301 intervallo
936 4257 1103 4304 remotum
1122 4246 1224 4304 eistate

164 4339 198 4402 in
222 4340 269 4407 IV
295 4368 339 4409 sc.
363 4349 385 4413 2
414 4347 552 4437 eiusque
578 4371 697 4412 scenae
727 4372 797 4414 esse
825 4352 1149 4443 antepaenultimum.
1179 4341 1223 4414 Dl‘
1294 4346 1312 4431 l
