<?xml version="1.0" encoding="UTF-8"?>
<!DOCTYPE html PUBLIC "-//W3C//DTD XHTML 1.0 Transitional//EN"
    "http://www.w3.org/TR/xhtml1/DTD/xhtml1-transitional.dtd">
<html xmlns="http://www.w3.org/1999/xhtml" xml:lang="en" lang="en">
 <head>
  <title>
</title>
<meta http-equiv="Content-Type" content="text/html;charset=utf-8" />
  <meta name='ocr-system' content='tesseract 3.04.00' />
  <meta name='ocr-capabilities' content='ocr_page ocr_carea ocr_par ocr_line ocrx_word'/>
</head>
<body>
  <div class='ocr_page' id='page_1' title='image "./parergonplautin00ritsgoog_0540.png"; bbox 0 0 2872 4942; ppageno 0'>
   <div class='ocr_carea' id='block_1_1' title="bbox 183 355 1061 434">
    <p class='ocr_par' dir='ltr' id='par_1_1' title="bbox 183 355 1061 434">
     <span class='ocr_line' id='line_1_1' title="bbox 183 355 1061 434; baseline 0.001 -3"><span class='ocrx_word' id='word_1_1' title='bbox 183 355 257 431; x_wconf 70' lang='lat'><strong>402</strong></span> <span class='ocrx_word' id='word_1_2' title='bbox 382 383 448 427; x_wconf 75' lang='lat' dir='ltr'><strong>viti.</strong></span> <span class='ocrx_word' id='word_1_3' title='bbox 498 386 541 427; x_wconf 83' lang='lat' dir='ltr'><strong>nn</strong></span> <span class='ocrx_word' id='word_1_4' title='bbox 567 388 715 429; x_wconf 77' lang='lat' dir='ltr'><strong>srrntro</strong></span> <span class='ocrx_word' id='word_1_5' title='bbox 740 390 912 432; x_wconf 72' lang='lat' dir='ltr'><strong>sensam</strong></span> <span class='ocrx_word' id='word_1_6' title='bbox 939 390 1061 434; x_wconf 77' lang='lat' dir='ltr'><strong>onnssn</strong></span> 
     </span>
    </p>
   </div>
   <div class='ocr_carea' id='block_1_2' title="bbox 181 554 1254 3548">
    <p class='ocr_par' dir='ltr' id='par_1_2' title="bbox 209 554 1252 2132">
     <span class='ocr_line' id='line_1_2' title="bbox 327 554 1241 654; baseline 0.007 -29"><span class='ocrx_word' id='word_1_7' title='bbox 327 557 414 626; x_wconf 81' lang='lat' dir='ltr'><strong>labe</strong></span> <span class='ocrx_word' id='word_1_8' title='bbox 434 554 513 625; x_wconf 78' lang='lat' dir='ltr'><strong>haic</strong></span> <span class='ocrx_word' id='word_1_9' title='bbox 537 577 722 651; x_wconf 78' lang='lat' dir='ltr'><strong>argentum</strong></span> <span class='ocrx_word' id='word_1_10' title='bbox 754 561 798 626; x_wconf 88' lang='lat' dir='ltr'><strong>ob</strong></span> <span class='ocrx_word' id='word_1_11' title='bbox 822 559 862 627; x_wconf 84' lang='lat' dir='ltr'><strong>o&#39;s</strong></span> <span class='ocrx_word' id='word_1_12' title='bbox 886 568 1042 654; x_wconf 81' lang='lat' dir='ltr'><strong><em>impurae</em></strong></span> <span class='ocrx_word' id='word_1_13' title='bbox 1066 560 1190 630; x_wconf 68' lang='lat' dir='ltr'><strong>titane.</strong></span> <span class='ocrx_word' id='word_1_14' title='bbox 1239 569 1241 574; x_wconf 76' lang='grc'><strong>’</strong></span> 
     </span>
     <span class='ocr_line' id='line_1_3' title="bbox 330 670 1250 772; baseline 0.008 -32"><span class='ocrx_word' id='word_1_15' title='bbox 330 696 392 741; x_wconf 75' lang='lat' dir='ltr'><strong>Tu.</strong></span> <span class='ocrx_word' id='word_1_16' title='bbox 419 674 513 765; x_wconf 82' lang='lat' dir='ltr'><strong><em>Quid</em></strong></span> <span class='ocrx_word' id='word_1_17' title='bbox 533 670 691 740; x_wconf 54' lang='lat' dir='ltr'><strong>abeant?</strong></span> <span class='ocrx_word' id='word_1_18' title='bbox 742 700 799 743; x_wconf 81' lang='lat' dir='ltr'><strong>ra.</strong></span> <span class='ocrx_word' id='word_1_19' title='bbox 828 682 863 742; x_wconf 84' lang='lat' dir='ltr'><strong>ei</strong></span> <span class='ocrx_word' id='word_1_20' title='bbox 893 677 1027 745; x_wconf 78' lang='lat' dir='ltr'><strong>bomini</strong></span> <span class='ocrx_word' id='word_1_21' title='bbox 1055 676 1200 772; x_wconf 74' lang='lat' dir='ltr'><strong>urge&#39;ato</strong></span> <span class='ocrx_word' id='word_1_22' title='bbox 1222 706 1250 746; x_wconf 83' lang='lat' dir='ltr'><strong>os</strong></span> 
     </span>
     <span class='ocr_line' id='line_1_4' title="bbox 780 792 1007 864; baseline 0.026 -7"><span class='ocrx_word' id='word_1_23' title='bbox 780 792 1007 864; x_wconf 71' lang='lat' dir='ltr'><strong>verberarier.</strong></span> 
     </span>
     <span class='ocr_line' id='line_1_5' title="bbox 232 903 1216 1002; baseline 0.003 -29"><span class='ocrx_word' id='word_1_24' title='bbox 232 903 280 973; x_wconf 80' lang='grc'><strong>03</strong></span> <span class='ocrx_word' id='word_1_25' title='bbox 330 925 388 971; x_wconf 77' lang='lat' dir='ltr'><strong>uA·</strong></span> <span class='ocrx_word' id='word_1_26' title='bbox 410 905 590 992; x_wconf 74' lang='lat' dir='ltr'><strong>Perfdcile</strong></span> <span class='ocrx_word' id='word_1_27' title='bbox 622 932 688 995; x_wconf 74' lang='lat' dir='ltr'><strong>ego</strong></span> <span class='ocrx_word' id='word_1_28' title='bbox 713 912 801 973; x_wconf 85' lang='lat' dir='ltr'><strong>ictus</strong></span> <span class='ocrx_word' id='word_1_29' title='bbox 823 905 1001 1000; x_wconf 67' lang='lat' dir='ltr'><strong>perpetior</strong></span> <span class='ocrx_word' id='word_1_30' title='bbox 1024 906 1216 1002; x_wconf 67' lang='lat' dir='ltr'><strong>argenteos.</strong></span> 
     </span>
     <span class='ocr_line' id='line_1_6' title="bbox 231 1017 1252 1102; baseline 0.003 -12"><span class='ocrx_word' id='word_1_31' title='bbox 231 1020 303 1097; x_wconf 81' lang='grc'><strong>97,</strong></span> <span class='ocrx_word' id='word_1_32' title='bbox 324 1044 386 1088; x_wconf 67' lang='lat' dir='ltr'><strong>Tu.</strong></span> <span class='ocrx_word' id='word_1_33' title='bbox 408 1017 561 1089; x_wconf 80' lang='lat' dir='ltr'><strong>Audin?</strong></span> <span class='ocrx_word' id='word_1_34' title='bbox 596 1022 777 1088; x_wconf 82' lang='lat' dir='ltr'><strong>videturne</strong></span> <span class='ocrx_word' id='word_1_35' title='bbox 801 1021 941 1090; x_wconf 71' lang='lat' dir='ltr'><strong>obsecro</strong></span> <span class='ocrx_word' id='word_1_36' title='bbox 968 1025 1084 1092; x_wconf 70' lang='lat' dir='ltr'><strong>hercle</strong></span> <span class='ocrx_word' id='word_1_37' title='bbox 1114 1023 1252 1102; x_wconf 64' lang='lat' dir='ltr'><strong>idomas,</strong></span> 
     </span>
     <span class='ocr_line' id='line_1_7' title="bbox 211 1131 1250 1233; baseline 0.001 -29"><span class='ocrx_word' id='word_1_38' title='bbox 211 1135 280 1215; x_wconf 67' lang='lat'><strong>098</strong></span> <span class='ocrx_word' id='word_1_39' title='bbox 329 1131 483 1204; x_wconf 77' lang='lat' dir='ltr'><strong>Danista</strong></span> <span class='ocrx_word' id='word_1_40' title='bbox 507 1142 568 1231; x_wconf 85' lang='lat' dir='ltr'><strong>qui</strong></span> <span class='ocrx_word' id='word_1_41' title='bbox 592 1142 652 1212; x_wconf 84' lang='lat' dir='ltr'><strong>sit,</strong></span> <span class='ocrx_word' id='word_1_42' title='bbox 676 1133 786 1229; x_wconf 70' lang='lat' dir='ltr'><strong>genus</strong></span> <span class='ocrx_word' id='word_1_43' title='bbox 801 1138 894 1232; x_wconf 80' lang='lat' dir='ltr'><strong>quod</strong></span> <span class='ocrx_word' id='word_1_44' title='bbox 920 1135 1250 1233; x_wconf 81' lang='lat' dir='ltr'><strong>improbissumumstl</strong></span> 
     </span>
     <span class='ocr_line' id='line_1_8' title="bbox 231 1238 1251 1347; baseline 0.001 -26"><span class='ocrx_word' id='word_1_45' title='bbox 231 1249 279 1324; x_wconf 84' lang='grc'><strong>09</strong></span> <span class='ocrx_word' id='word_1_46' title='bbox 330 1273 392 1318; x_wconf 74' lang='lat' dir='ltr'><strong>ru.</strong></span> <span class='ocrx_word' id='word_1_47' title='bbox 417 1238 586 1342; x_wconf 70' lang='lat' dir='ltr'><strong>Non&#39;igo</strong></span> <span class='ocrx_word' id='word_1_48' title='bbox 609 1254 669 1343; x_wconf 87' lang='lat' dir='ltr'><strong>pol</strong></span> <span class='ocrx_word' id='word_1_49' title='bbox 694 1259 781 1319; x_wconf 76' lang='lat' dir='ltr'><strong>istuc</strong></span> <span class='ocrx_word' id='word_1_50' title='bbox 806 1248 901 1329; x_wconf 70' lang='lat' dir='ltr'><strong>crito,</strong></span> <span class='ocrx_word' id='word_1_51' title='bbox 926 1260 992 1347; x_wconf 81' lang='lat' dir='ltr'><strong>qui</strong></span> <span class='ocrx_word' id='word_1_52' title='bbox 1009 1261 1069 1331; x_wconf 81' lang='lat' dir='ltr'><strong>sit,</strong></span> <span class='ocrx_word' id='word_1_53' title='bbox 1096 1251 1187 1322; x_wconf 72' lang='lat' dir='ltr'><strong>lade</strong></span> <span class='ocrx_word' id='word_1_54' title='bbox 1201 1262 1251 1334; x_wconf 62' lang='grc' dir='ltr'><strong>εἰη</strong></span> 
     </span>
     <span class='ocr_line' id='line_1_9' title="bbox 209 1360 1234 1466; baseline 0.002 -31"><span class='ocrx_word' id='word_1_55' title='bbox 209 1369 280 1436; x_wconf 88' lang='grc'><strong>100</strong></span> <span class='ocrx_word' id='word_1_56' title='bbox 328 1364 377 1436; x_wconf 83' lang='lat' dir='ltr'><strong>ld</strong></span> <span class='ocrx_word' id='word_1_57' title='bbox 402 1360 475 1433; x_wconf 83' lang='lat' dir='ltr'><strong>vo&#39;lo</strong></span> <span class='ocrx_word' id='word_1_58' title='bbox 500 1370 548 1432; x_wconf 87' lang='lat' dir='ltr'><strong>mi</strong></span> <span class='ocrx_word' id='word_1_59' title='bbox 567 1383 720 1433; x_wconf 85' lang='lat' dir='ltr'><strong>actutum</strong></span> <span class='ocrx_word' id='word_1_60' title='bbox 744 1363 827 1445; x_wconf 83' lang='lat' dir='ltr'><strong>dici,</strong></span> <span class='ocrx_word' id='word_1_61' title='bbox 852 1368 892 1434; x_wconf 77' lang='lat' dir='ltr'><strong>id</strong></span> <span class='ocrx_word' id='word_1_62' title='bbox 914 1395 967 1435; x_wconf 85' lang='lat' dir='ltr'><strong>me</strong></span> <span class='ocrx_word' id='word_1_63' title='bbox 990 1374 1081 1436; x_wconf 83' lang='lat' dir='ltr'><strong>scire</strong></span> <span class='ocrx_word' id='word_1_64' title='bbox 1104 1367 1234 1466; x_wconf 65' lang='lat' dir='ltr'><strong>expeto:</strong></span> 
     </span>
     <span class='ocr_line' id='line_1_10' title="bbox 231 1474 1252 1574; baseline 0 -22"><span class='ocrx_word' id='word_1_65' title='bbox 231 1474 281 1552; x_wconf 70' lang='grc'><strong>90</strong></span> <span class='ocrx_word' id='word_1_66' title='bbox 335 1481 439 1574; x_wconf 83' lang='lat' dir='ltr'><strong>Quod</strong></span> <span class='ocrx_word' id='word_1_67' title='bbox 463 1478 548 1549; x_wconf 81' lang='lat' dir='ltr'><strong>illud</strong></span> <span class='ocrx_word' id='word_1_68' title='bbox 573 1485 814 1574; x_wconf 68' lang='lat' dir='ltr'><strong>argentumii?</strong></span> <span class='ocrx_word' id='word_1_69' title='bbox 853 1507 910 1552; x_wconf 77' lang='lat' dir='ltr'><strong>ru.</strong></span> <span class='ocrx_word' id='word_1_70' title='bbox 937 1480 1036 1552; x_wconf 77' lang='lat' dir='ltr'><strong>lanice</strong></span> <span class='ocrx_word' id='word_1_71' title='bbox 1060 1486 1164 1554; x_wconf 81' lang='lat' dir='ltr'><strong>debet</strong></span> <span class='ocrx_word' id='word_1_72' title='bbox 1183 1481 1252 1553; x_wconf 76' lang='lat' dir='ltr'><strong>Pti-</strong></span> 
     </span>
     <span class='ocr_line' id='line_1_11' title="bbox 796 1601 1145 1683; baseline 0.009 -17"><span class='ocrx_word' id='word_1_73' title='bbox 796 1601 945 1667; x_wconf 75' lang='lat' dir='ltr'><strong>lolacltes</strong></span> <span class='ocrx_word' id='word_1_74' title='bbox 1142 1677 1145 1683; x_wconf 47' lang='grc'>,</span> 
     </span>
     <span class='ocr_line' id='line_1_12' title="bbox 235 1707 1249 1813; baseline 0.003 -29"><span class='ocrx_word' id='word_1_75' title='bbox 235 1714 282 1786; x_wconf 82' lang='grc'><strong>95</strong></span> <span class='ocrx_word' id='word_1_76' title='bbox 332 1707 500 1781; x_wconf 77' lang='lat' dir='ltr'><strong>Paulltim.</strong></span> <span class='ocrx_word' id='word_1_77' title='bbox 553 1737 615 1782; x_wconf 76' lang='lat' dir='ltr'><strong>ru.</strong></span> <span class='ocrx_word' id='word_1_78' title='bbox 638 1717 865 1806; x_wconf 79' lang='lat' dir='ltr'><em>quantillum?</em></span> <span class='ocrx_word' id='word_1_79' title='bbox 917 1741 973 1785; x_wconf 77' lang='lat' dir='ltr'><strong>ru.</strong></span> <span class='ocrx_word' id='word_1_80' title='bbox 996 1718 1099 1811; x_wconf 83' lang='lat' dir='ltr'><strong>qua&#39;si</strong></span> <span class='ocrx_word' id='word_1_81' title='bbox 1120 1719 1249 1813; x_wconf 80' lang='lat' dir='ltr'><strong>quadra·</strong></span> 
     </span>
     <span class='ocr_line' id='line_1_13' title="bbox 776 1829 1027 1923; baseline 0.004 -26"><span class='ocrx_word' id='word_1_82' title='bbox 776 1829 884 1923; x_wconf 78' lang='lat' dir='ltr'><strong>gintd</strong></span> <span class='ocrx_word' id='word_1_83' title='bbox 907 1838 1027 1898; x_wconf 73' lang='lat' dir='ltr'><strong>minias.</strong></span> 
     </span>
     <span class='ocr_line' id='line_1_14' title="bbox 231 1942 1250 2038; baseline 0 -22"><span class='ocrx_word' id='word_1_84' title='bbox 231 1945 288 2019; x_wconf 81' lang='lat'><strong>96·</strong></span> <span class='ocrx_word' id='word_1_85' title='bbox 331 1967 392 2014; x_wconf 77' lang='lat' dir='ltr'><strong>Tu.</strong></span> <span class='ocrx_word' id='word_1_86' title='bbox 432 1945 592 2011; x_wconf 81' lang='lat' dir='ltr'><em>Paullum</em></span> <span class='ocrx_word' id='word_1_87' title='bbox 625 1942 664 2011; x_wconf 85' lang='lat' dir='ltr'><strong>id</strong></span> <span class='ocrx_word' id='word_1_88' title='bbox 694 1946 886 2038; x_wconf 78' lang='lat' dir='ltr'><em>quidemst?</em></span> <span class='ocrx_word' id='word_1_89' title='bbox 935 1972 994 2016; x_wconf 80' lang='lat' dir='ltr'><strong>ru.</strong></span> <span class='ocrx_word' id='word_1_90' title='bbox 1030 1974 1075 2016; x_wconf 84' lang='lat' dir='ltr'><strong>ne</strong></span> <span class='ocrx_word' id='word_1_91' title='bbox 1113 1948 1197 2017; x_wconf 73' lang='lat' dir='ltr'><strong>edne</strong></span> <span class='ocrx_word' id='word_1_92' title='bbox 1223 1947 1250 2016; x_wconf 79' lang='lat' dir='ltr'><strong>id</strong></span> 
     </span>
     <span class='ocr_line' id='line_1_15' title="bbox 779 2060 1099 2132; baseline 0.016 -5"><span class='ocrx_word' id='word_1_93' title='bbox 779 2064 919 2130; x_wconf 87' lang='lat' dir='ltr'><strong>multum</strong></span> <span class='ocrx_word' id='word_1_94' title='bbox 947 2060 1099 2132; x_wconf 70' lang='lat' dir='ltr'><strong>censeas.</strong></span> 
     </span>
    </p>

    <p class='ocr_par' dir='ltr' id='par_1_3' title="bbox 181 2175 1254 3548">
     <span class='ocr_line' id='line_1_16' title="bbox 207 2175 1249 2269; baseline -0.003 -20"><span class='ocrx_word' id='word_1_95' title='bbox 207 2182 276 2253; x_wconf 82' lang='lat'><strong>101</strong></span> <span class='ocrx_word' id='word_1_96' title='bbox 329 2201 391 2248; x_wconf 72' lang='lat' dir='ltr'><strong>ru.</strong></span> <span class='ocrx_word' id='word_1_97' title='bbox 417 2177 516 2247; x_wconf 80' lang='lat' dir='ltr'><strong>Adeo</strong></span> <span class='ocrx_word' id='word_1_98' title='bbox 531 2175 636 2245; x_wconf 84' lang='lat' dir='ltr'><strong>e&#39;tium</strong></span> <span class='ocrx_word' id='word_1_99' title='bbox 652 2185 796 2269; x_wconf 80' lang='lat' dir='ltr'><strong>argenti</strong></span> <span class='ocrx_word' id='word_1_100' title='bbox 805 2176 946 2268; x_wconf 53' lang='lat' dir='ltr'><strong>faenus</strong></span> <span class='ocrx_word' id='word_1_101' title='bbox 962 2181 1131 2248; x_wconf 84' lang='lat' dir='ltr'><strong>creditum</strong></span> <span class='ocrx_word' id='word_1_102' title='bbox 1145 2176 1249 2248; x_wconf 73' lang='lat' dir='ltr'><strong>aridio?</strong></span> 
     </span>
     <span class='ocr_line' id='line_1_17' title="bbox 182 2294 1248 2390; baseline -0.003 -28"><span class='ocrx_word' id='word_1_103' title='bbox 182 2296 234 2363; x_wconf 86' lang='lat' dir='ltr'><strong>Dc</strong></span> <span class='ocrx_word' id='word_1_104' title='bbox 259 2294 396 2389; x_wconf 81' lang='lat' dir='ltr'><strong>singulis</strong></span> <span class='ocrx_word' id='word_1_105' title='bbox 431 2322 532 2390; x_wconf 88' lang='lat' dir='ltr'><strong>quam</strong></span> <span class='ocrx_word' id='word_1_106' title='bbox 558 2314 680 2388; x_wconf 87' lang='lat' dir='ltr'><strong>potero</strong></span> <span class='ocrx_word' id='word_1_107' title='bbox 713 2297 908 2363; x_wconf 87' lang='lat' dir='ltr'><strong>brevissime</strong></span> <span class='ocrx_word' id='word_1_108' title='bbox 945 2296 1062 2364; x_wconf 81' lang='lat' dir='ltr'><strong>dicam.</strong></span> <span class='ocrx_word' id='word_1_109' title='bbox 1119 2300 1180 2367; x_wconf 84' lang='lat' dir='ltr'><strong>Vr.</strong></span> <span class='ocrx_word' id='word_1_110' title='bbox 1202 2295 1248 2367; x_wconf 80' lang='grc'><strong>90.</strong></span> 
     </span>
     <span class='ocr_line' id='line_1_18' title="bbox 181 2411 1248 2506; baseline -0.007 -22"><span class='ocrx_word' id='word_1_111' title='bbox 181 2415 226 2484; x_wconf 87' lang='grc'><strong>91</strong></span> <span class='ocrx_word' id='word_1_112' title='bbox 255 2413 303 2481; x_wconf 86' lang='lat' dir='ltr'><strong>aie</strong></span> <span class='ocrx_word' id='word_1_113' title='bbox 325 2413 396 2480; x_wconf 78' lang='lat' dir='ltr'><strong>fere</strong></span> <span class='ocrx_word' id='word_1_114' title='bbox 423 2415 567 2506; x_wconf 90' lang='lat' dir='ltr'><strong>scriptos</strong></span> <span class='ocrx_word' id='word_1_115' title='bbox 593 2412 734 2478; x_wconf 84' lang='lat' dir='ltr'><strong>Palatini</strong></span> <span class='ocrx_word' id='word_1_116' title='bbox 762 2411 894 2480; x_wconf 88' lang='lat' dir='ltr'><strong>codices</strong></span> <span class='ocrx_word' id='word_1_117' title='bbox 925 2413 1248 2506; x_wconf 18' lang='lat' dir='ltr'><strong>exhibentzrobsecro</strong></span> 
     </span>
     <span class='ocr_line' id='line_1_19' title="bbox 183 2527 1248 2621; baseline -0.003 -24"><span class='ocrx_word' id='word_1_118' title='bbox 183 2531 295 2598; x_wconf 84' lang='lat' dir='ltr'><strong>ltorcle</strong></span> <span class='ocrx_word' id='word_1_119' title='bbox 320 2529 391 2598; x_wconf 77' lang='lat' dir='ltr'><strong>tabi</strong></span> <span class='ocrx_word' id='word_1_120' title='bbox 418 2528 487 2598; x_wconf 85' lang='lat' dir='ltr'><strong>Obi</strong></span> <span class='ocrx_word' id='word_1_121' title='bbox 509 2545 694 2621; x_wconf 79' lang='lat' dir='ltr'><strong>argeutum</strong></span> <span class='ocrx_word' id='word_1_122' title='bbox 713 2527 843 2594; x_wconf 76' lang='lat' dir='ltr'><strong>obosinl</strong></span> <span class='ocrx_word' id='word_1_123' title='bbox 862 2555 970 2620; x_wconf 84' lang='lat' dir='ltr'><strong>purae</strong></span> <span class='ocrx_word' id='word_1_124' title='bbox 987 2530 1117 2597; x_wconf 85' lang='lat' dir='ltr'><strong>beluae.</strong></span> <span class='ocrx_word' id='word_1_125' title='bbox 1157 2529 1248 2603; x_wconf 82' lang='lat' dir='ltr'><strong>Obici,</strong></span> 
     </span>
     <span class='ocr_line' id='line_1_20' title="bbox 183 2643 1250 2740; baseline -0.001 -27"><span class='ocrx_word' id='word_1_126' title='bbox 183 2646 276 2740; x_wconf 90' lang='lat' dir='ltr'><strong>quod</strong></span> <span class='ocrx_word' id='word_1_127' title='bbox 303 2665 352 2714; x_wconf 87' lang='lat' dir='ltr'><strong>est</strong></span> <span class='ocrx_word' id='word_1_128' title='bbox 376 2647 411 2712; x_wconf 89' lang='lat' dir='ltr'><strong>iu</strong></span> <span class='ocrx_word' id='word_1_129' title='bbox 435 2645 644 2739; x_wconf 86' lang='lat' dir='ltr'><strong>interpolatis</strong></span> <span class='ocrx_word' id='word_1_130' title='bbox 671 2643 787 2726; x_wconf 89' lang='lat' dir='ltr'><strong>libris,</strong></span> <span class='ocrx_word' id='word_1_131' title='bbox 812 2645 971 2712; x_wconf 89' lang='lat' dir='ltr'><strong>Italorum</strong></span> <span class='ocrx_word' id='word_1_132' title='bbox 999 2648 1188 2715; x_wconf 86' lang='lat' dir='ltr'><strong>coniectura</strong></span> <span class='ocrx_word' id='word_1_133' title='bbox 1211 2669 1250 2723; x_wconf 75' lang='lat' dir='ltr'><strong>rc·</strong></span> 
     </span>
     <span class='ocr_line' id='line_1_21' title="bbox 183 2760 1249 2856; baseline -0.004 -27"><span class='ocrx_word' id='word_1_134' title='bbox 183 2761 409 2855; x_wconf 79' lang='lat' dir='ltr'><strong>‹lintegratum</strong></span> <span class='ocrx_word' id='word_1_135' title='bbox 436 2783 494 2830; x_wconf 85' lang='lat' dir='ltr'><strong>est.</strong></span> <span class='ocrx_word' id='word_1_136' title='bbox 564 2760 749 2829; x_wconf 87' lang='lat' dir='ltr'><strong>Commode</strong></span> <span class='ocrx_word' id='word_1_137' title='bbox 775 2762 965 2842; x_wconf 90' lang='lat' dir='ltr'><strong>inventum,</strong></span> <span class='ocrx_word' id='word_1_138' title='bbox 1003 2763 1066 2829; x_wconf 87' lang='lat' dir='ltr'><strong>sed</strong></span> <span class='ocrx_word' id='word_1_139' title='bbox 1089 2784 1249 2856; x_wconf 80' lang='lat' dir='ltr'><strong>perperam</strong></span> 
     </span>
     <span class='ocr_line' id='line_1_22' title="bbox 183 2876 1247 2952; baseline -0.005 -8"><span class='ocrx_word' id='word_1_140' title='bbox 183 2876 383 2946; x_wconf 85' lang='lat' dir='ltr'><strong>collocatum</strong></span> <span class='ocrx_word' id='word_1_141' title='bbox 401 2878 479 2943; x_wconf 82' lang='lat' dir='ltr'><strong>lauic</strong></span> <span class='ocrx_word' id='word_1_142' title='bbox 496 2879 536 2943; x_wconf 83' lang='lat' dir='ltr'><strong>ab</strong></span> <span class='ocrx_word' id='word_1_143' title='bbox 562 2877 754 2943; x_wconf 84' lang='lat' dir='ltr'><strong>Camerario</strong></span> <span class='ocrx_word' id='word_1_144' title='bbox 782 2878 967 2944; x_wconf 82' lang='lat' dir='ltr'><strong>ascivimus.</strong></span> <span class='ocrx_word' id='word_1_145' title='bbox 995 2912 1042 2927; x_wconf 93' lang='lat'><strong>-·-</strong></span> <span class='ocrx_word' id='word_1_146' title='bbox 1067 2879 1110 2946; x_wconf 85' lang='lat' dir='ltr'><strong>V.</strong></span> <span class='ocrx_word' id='word_1_147' title='bbox 1126 2882 1173 2952; x_wconf 74' lang='lat'><strong>92</strong></span> <span class='ocrx_word' id='word_1_148' title='bbox 1195 2898 1247 2941; x_wconf 85' lang='lat' dir='ltr'><strong>nou</strong></span> 
     </span>
     <span class='ocr_line' id='line_1_23' title="bbox 181 2991 1250 3088; baseline -0.006 -26"><span class='ocrx_word' id='word_1_149' title='bbox 181 2991 314 3062; x_wconf 85' lang='lat' dir='ltr'><strong>videtur</strong></span> <span class='ocrx_word' id='word_1_150' title='bbox 340 2993 577 3087; x_wconf 86' lang='lat' dir='ltr'><strong>Theuropides</strong></span> <span class='ocrx_word' id='word_1_151' title='bbox 603 2992 744 3063; x_wconf 85' lang='lat' dir='ltr'><strong>Iubeum</strong></span> <span class='ocrx_word' id='word_1_152' title='bbox 769 2994 974 3088; x_wconf 86' lang='lat' dir='ltr'><strong>interrogare</strong></span> <span class='ocrx_word' id='word_1_153' title='bbox 1003 3019 1115 3085; x_wconf 85' lang='lat' dir='ltr'><strong>posse.</strong></span> <span class='ocrx_word' id='word_1_154' title='bbox 1175 2997 1250 3062; x_wconf 87' lang='lat' dir='ltr'><strong>Non-</strong></span> 
     </span>
     <span class='ocr_line' id='line_1_24' title="bbox 183 3107 1250 3203; baseline -0.002 -30"><span class='ocrx_word' id='word_1_155' title='bbox 183 3107 265 3176; x_wconf 87' lang='lat' dir='ltr'><strong>dum</strong></span> <span class='ocrx_word' id='word_1_156' title='bbox 291 3108 379 3175; x_wconf 86' lang='lat' dir='ltr'><strong>cnim</strong></span> <span class='ocrx_word' id='word_1_157' title='bbox 405 3129 479 3176; x_wconf 87' lang='lat' dir='ltr'><strong>ante</strong></span> <span class='ocrx_word' id='word_1_158' title='bbox 505 3108 616 3174; x_wconf 88' lang='lat' dir='ltr'><strong>audita</strong></span> <span class='ocrx_word' id='word_1_159' title='bbox 638 3110 816 3175; x_wconf 88' lang='lat' dir='ltr'><strong>Tranionis</strong></span> <span class='ocrx_word' id='word_1_160' title='bbox 840 3111 957 3190; x_wconf 81' lang='lat' dir='ltr'><strong>verba,</strong></span> <span class='ocrx_word' id='word_1_161' title='bbox 993 3112 1116 3203; x_wconf 89' lang='lat' dir='ltr'><strong>quibus</strong></span> <span class='ocrx_word' id='word_1_162' title='bbox 1143 3111 1196 3176; x_wconf 88' lang='lat' dir='ltr'><strong>hic</strong></span> <span class='ocrx_word' id='word_1_163' title='bbox 1218 3131 1250 3172; x_wconf 83' lang='lat' dir='ltr'><strong>oc</strong></span> 
     </span>
     <span class='ocr_line' id='line_1_25' title="bbox 183 3217 1252 3319; baseline -0.003 -31"><span class='ocrx_word' id='word_1_164' title='bbox 183 3223 283 3316; x_wconf 85' lang='lat' dir='ltr'><strong>plane</strong></span> <span class='ocrx_word' id='word_1_165' title='bbox 310 3224 449 3318; x_wconf 86' lang='lat' dir='ltr'><strong>quidem</strong></span> <span class='ocrx_word' id='word_1_166' title='bbox 475 3241 507 3290; x_wconf 91' lang='lat' dir='ltr'><strong>ct</strong></span> <span class='ocrx_word' id='word_1_167' title='bbox 531 3223 731 3316; x_wconf 86' lang='lat' dir='ltr'><strong>simpliciter</strong></span> <span class='ocrx_word' id='word_1_168' title='bbox 758 3222 841 3315; x_wconf 90' lang='lat' dir='ltr'><strong>quid</strong></span> <span class='ocrx_word' id='word_1_169' title='bbox 871 3225 986 3292; x_wconf 86' lang='lat' dir='ltr'><strong>iubeat</strong></span> <span class='ocrx_word' id='word_1_170' title='bbox 1010 3225 1193 3319; x_wconf 77' lang='lat' dir='ltr'><strong>eloquitur,</strong></span> <span class='ocrx_word' id='word_1_171' title='bbox 1227 3217 1252 3286; x_wconf 88' lang='lat' dir='ltr'><strong>id</strong></span> 
     </span>
     <span class='ocr_line' id='line_1_26' title="bbox 183 3337 1252 3432; baseline -0.008 -26"><span class='ocrx_word' id='word_1_172' title='bbox 183 3340 236 3431; x_wconf 84' lang='lat' dir='ltr'><strong>agi</strong></span> <span class='ocrx_word' id='word_1_173' title='bbox 277 3340 437 3407; x_wconf 82' lang='lat' dir='ltr'><strong>rescierat</strong></span> <span class='ocrx_word' id='word_1_174' title='bbox 476 3337 737 3432; x_wconf 87' lang='lat' dir='ltr'><strong>Theuropides,</strong></span> <span class='ocrx_word' id='word_1_175' title='bbox 785 3358 820 3406; x_wconf 90' lang='lat' dir='ltr'><strong>ut</strong></span> <span class='ocrx_word' id='word_1_176' title='bbox 858 3357 1030 3432; x_wconf 86' lang='lat' dir='ltr'><strong>argentum</strong></span> <span class='ocrx_word' id='word_1_177' title='bbox 1067 3339 1252 3406; x_wconf 85' lang='lat' dir='ltr'><strong>solveretur.</strong></span> 
     </span>
     <span class='ocr_line' id='line_1_27' title="bbox 182 3445 1254 3548; baseline -0.007 -28"><span class='ocrx_word' id='word_1_178' title='bbox 182 3455 298 3548; x_wconf 84' lang='lat' dir='ltr'><strong>anue</strong></span> <span class='ocrx_word' id='word_1_179' title='bbox 323 3456 396 3548; x_wconf 86' lang='lat' dir='ltr'><strong>ipsa</strong></span> <span class='ocrx_word' id='word_1_180' title='bbox 425 3480 537 3520; x_wconf 86' lang='lat' dir='ltr'><strong>caussa</strong></span> <span class='ocrx_word' id='word_1_181' title='bbox 565 3473 631 3534; x_wconf 87' lang='lat' dir='ltr'><strong>est,</strong></span> <span class='ocrx_word' id='word_1_182' title='bbox 666 3479 847 3520; x_wconf 87' lang='lat' dir='ltr'><strong>cursuum</strong></span> <span class='ocrx_word' id='word_1_183' title='bbox 877 3452 963 3519; x_wconf 88' lang='lat' dir='ltr'><strong>illud</strong></span> <span class='ocrx_word' id='word_1_184' title='bbox 986 3454 1133 3534; x_wconf 88' lang='lat' dir='ltr'><strong>iussum,</strong></span> <span class='ocrx_word' id='word_1_185' title='bbox 1174 3445 1254 3545; x_wconf 85' lang='lat' dir='ltr'><strong>quod</strong></span> 
     </span>
    </p>
   </div>
   <div class='ocr_carea' id='block_1_3' title="bbox 183 3567 1258 3681">
    <p class='ocr_par' dir='ltr' id='par_1_4' title="bbox 183 3567 1258 3681">
     <span class='ocr_line' id='line_1_28' title="bbox 183 3567 1258 3681; baseline -0.006 -45"><span class='ocrx_word' id='word_1_186' title='bbox 183 3594 306 3638; x_wconf 88' lang='lat' dir='ltr'><strong>novum</strong></span> <span class='ocrx_word' id='word_1_187' title='bbox 332 3588 365 3636; x_wconf 88' lang='lat' dir='ltr'><strong>et</strong></span> <span class='ocrx_word' id='word_1_188' title='bbox 389 3570 598 3661; x_wconf 89' lang='lat' dir='ltr'><strong>inopinatum</strong></span> <span class='ocrx_word' id='word_1_189' title='bbox 616 3595 674 3681; x_wconf 66' lang='lat' dir='ltr'><strong>epo</strong></span> <span class='ocrx_word' id='word_1_190' title='bbox 694 3567 873 3648; x_wconf 84' lang='lat' dir='ltr'><strong>acciderat,</strong></span> <span class='ocrx_word' id='word_1_191' title='bbox 896 3567 1046 3660; x_wconf 84' lang='lat' dir='ltr'><strong>paullum</strong></span> <span class='ocrx_word' id='word_1_192' title='bbox 1060 3571 1181 3636; x_wconf 83' lang='lat' dir='ltr'><strong>variata</strong></span> <span class='ocrx_word' id='word_1_193' title='bbox 1196 3591 1258 3633; x_wconf 85' lang='lat' dir='ltr'><strong>ort·</strong></span> 
     </span>
    </p>
   </div>
   <div class='ocr_carea' id='block_1_4' title="bbox 157 3678 1263 4473">
    <p class='ocr_par' dir='ltr' id='par_1_5' title="bbox 157 3678 1263 4473">
     <span class='ocr_line' id='line_1_29' title="bbox 172 3678 1259 3778; baseline -0.006 -26"><span class='ocrx_word' id='word_1_194' title='bbox 172 3687 274 3754; x_wconf 71' lang='lat' dir='ltr'><strong>&#39;uene</strong></span> <span class='ocrx_word' id='word_1_195' title='bbox 297 3711 410 3752; x_wconf 82' lang='lat' dir='ltr'><strong>servus</strong></span> <span class='ocrx_word' id='word_1_196' title='bbox 437 3689 545 3751; x_wconf 89' lang='lat' dir='ltr'><strong>statim</strong></span> <span class='ocrx_word' id='word_1_197' title='bbox 567 3704 707 3778; x_wconf 83' lang='lat' dir='ltr'><strong>repetat.</strong></span> <span class='ocrx_word' id='word_1_198' title='bbox 771 3686 816 3750; x_wconf 89' lang='lat' dir='ltr'><strong>Vt</strong></span> <span class='ocrx_word' id='word_1_199' title='bbox 843 3687 890 3750; x_wconf 87' lang='lat' dir='ltr'><strong>sic</strong></span> <span class='ocrx_word' id='word_1_200' title='bbox 924 3683 1038 3750; x_wconf 85' lang='lat' dir='ltr'><strong>saltem</strong></span> <span class='ocrx_word' id='word_1_201' title='bbox 1071 3678 1259 3750; x_wconf 87' lang='lat' dir='ltr'><strong>mirabundo</strong></span> 
     </span>
     <span class='ocr_line' id='line_1_30' title="bbox 187 3794 1255 3895; baseline -0.007 -27"><span class='ocrx_word' id='word_1_202' title='bbox 187 3803 259 3869; x_wconf 84' lang='lat' dir='ltr'><strong>seui</strong></span> <span class='ocrx_word' id='word_1_203' title='bbox 285 3800 561 3895; x_wconf 83' lang='lat' dir='ltr'><strong>interrogandum</strong></span> <span class='ocrx_word' id='word_1_204' title='bbox 588 3801 706 3867; x_wconf 85' lang='lat' dir='ltr'><strong>fucrit:</strong></span> <span class='ocrx_word' id='word_1_205' title='bbox 739 3817 923 3891; x_wconf 75' lang='lat' dir='ltr'><strong>argentum</strong></span> <span class='ocrx_word' id='word_1_206' title='bbox 955 3798 1090 3865; x_wconf 84' lang='lat' dir='ltr'><strong>obicere</strong></span> <span class='ocrx_word' id='word_1_207' title='bbox 1117 3794 1255 3866; x_wconf 76' lang='lat' dir='ltr'><strong>iubeam?</strong></span> 
     </span>
     <span class='ocr_line' id='line_1_31' title="bbox 185 3911 1256 4007; baseline -0.005 -25"><span class='ocrx_word' id='word_1_208' title='bbox 185 3917 334 3983; x_wconf 85' lang='lat' dir='ltr'><strong>similiter</strong></span> <span class='ocrx_word' id='word_1_209' title='bbox 360 3921 542 3987; x_wconf 71' lang='lat' dir='ltr'><strong>acu-103:</strong></span> <span class='ocrx_word' id='word_1_210' title='bbox 572 3940 629 3983; x_wconf 79' lang='lat' dir='ltr'><strong>Tu.</strong></span> <span class='ocrx_word' id='word_1_211' title='bbox 657 3916 713 3981; x_wconf 85' lang='lat' dir='ltr'><strong>dic</strong></span> <span class='ocrx_word' id='word_1_212' title='bbox 740 3916 965 4005; x_wconf 68' lang='lat' dir='ltr'><strong>tedmarum.</strong></span> <span class='ocrx_word' id='word_1_213' title='bbox 1017 3939 1078 3983; x_wconf 76' lang='grc' dir='ltr'><strong>ΤΗ.</strong></span> <span class='ocrx_word' id='word_1_214' title='bbox 1105 3940 1196 4007; x_wconf 78' lang='lat' dir='ltr'><strong>egon</strong></span> <span class='ocrx_word' id='word_1_215' title='bbox 1212 3911 1256 3977; x_wconf 80' lang='lat' dir='ltr'><strong>di·</strong></span> 
     </span>
     <span class='ocr_line' id='line_1_32' title="bbox 157 4029 1255 4126; baseline -0.005 -29"><span class='ocrx_word' id='word_1_216' title='bbox 157 4056 260 4097; x_wconf 84' lang='lat' dir='ltr'><strong>·eam</strong></span> <span class='ocrx_word' id='word_1_217' title='bbox 282 4032 396 4098; x_wconf 69' lang='lat' dir='ltr'><strong>clatra?</strong></span> <span class='ocrx_word' id='word_1_218' title='bbox 435 4059 626 4126; x_wconf 89' lang='lat' dir='ltr'><strong>quanquam</strong></span> <span class='ocrx_word' id='word_1_219' title='bbox 652 4035 699 4097; x_wconf 90' lang='lat' dir='ltr'><strong>ibi</strong></span> <span class='ocrx_word' id='word_1_220' title='bbox 729 4052 761 4098; x_wconf 85' lang='lat' dir='ltr'><strong>et</strong></span> <span class='ocrx_word' id='word_1_221' title='bbox 787 4032 885 4126; x_wconf 86' lang='lat' dir='ltr'><strong>plane</strong></span> <span class='ocrx_word' id='word_1_222' title='bbox 910 4031 1039 4099; x_wconf 90' lang='lat' dir='ltr'><strong>locutus</strong></span> <span class='ocrx_word' id='word_1_223' title='bbox 1070 4050 1120 4105; x_wconf 84' lang='lat' dir='ltr'><strong>est</strong></span> <span class='ocrx_word' id='word_1_224' title='bbox 1143 4029 1255 4097; x_wconf 86' lang='lat' dir='ltr'><strong>Tranio</strong></span> 
     </span>
     <span class='ocr_line' id='line_1_33' title="bbox 186 4149 1261 4241; baseline -0.004 -31"><span class='ocrx_word' id='word_1_225' title='bbox 186 4170 249 4214; x_wconf 85' lang='lat' dir='ltr'><strong>nco</strong></span> <span class='ocrx_word' id='word_1_226' title='bbox 283 4151 436 4239; x_wconf 79' lang='lat' dir='ltr'><strong>proiecto</strong></span> <span class='ocrx_word' id='word_1_227' title='bbox 473 4167 538 4214; x_wconf 84' lang='lat' dir='ltr'><strong>tum</strong></span> <span class='ocrx_word' id='word_1_228' title='bbox 578 4175 678 4241; x_wconf 87' lang='lat' dir='ltr'><strong>quam</strong></span> <span class='ocrx_word' id='word_1_229' title='bbox 723 4149 777 4212; x_wconf 87' lang='lat' dir='ltr'><strong>hie</strong></span> <span class='ocrx_word' id='word_1_230' title='bbox 814 4167 952 4239; x_wconf 85' lang='lat' dir='ltr'><strong>praeter</strong></span> <span class='ocrx_word' id='word_1_231' title='bbox 991 4149 1261 4239; x_wconf 80' lang='lat' dir='ltr'><strong>exspectationem</strong></span> 
     </span>
     <span class='ocr_line' id='line_1_34' title="bbox 188 4261 1261 4358; baseline -0.001 -33"><span class='ocrx_word' id='word_1_232' title='bbox 188 4262 415 4355; x_wconf 88' lang='lat' dir='ltr'><strong>Thouropidis</strong></span> <span class='ocrx_word' id='word_1_233' title='bbox 450 4282 625 4358; x_wconf 82' lang='lat' dir='ltr'><strong>argentum</strong></span> <span class='ocrx_word' id='word_1_234' title='bbox 654 4267 693 4330; x_wconf 88' lang='lat' dir='ltr'><strong>ab</strong></span> <span class='ocrx_word' id='word_1_235' title='bbox 732 4266 795 4329; x_wconf 90' lang='lat' dir='ltr'><strong>hoc</strong></span> <span class='ocrx_word' id='word_1_236' title='bbox 821 4266 925 4354; x_wconf 83' lang='lat' dir='ltr'><strong>petiit.</strong></span> <span class='ocrx_word' id='word_1_237' title='bbox 990 4266 1079 4355; x_wconf 85' lang='lat' dir='ltr'><strong>Ergo</strong></span> <span class='ocrx_word' id='word_1_238' title='bbox 1108 4261 1261 4328; x_wconf 77' lang='lat' dir='ltr'><strong>excidisse</strong></span> 
     </span>
     <span class='ocr_line' id='line_1_35' title="bbox 189 4375 1263 4473; baseline 0.001 -35"><span class='ocrx_word' id='word_1_239' title='bbox 189 4376 229 4439; x_wconf 86' lang='lat' dir='ltr'><strong>ab</strong></span> <span class='ocrx_word' id='word_1_240' title='bbox 258 4379 352 4443; x_wconf 88' lang='lat' dir='ltr'><strong>initio</strong></span> <span class='ocrx_word' id='word_1_241' title='bbox 381 4407 492 4448; x_wconf 80' lang='lat' dir='ltr'><strong>versus</strong></span> <span class='ocrx_word' id='word_1_242' title='bbox 524 4381 617 4473; x_wconf 80' lang='lat' dir='ltr'><strong>Quid</strong></span> <span class='ocrx_word' id='word_1_243' title='bbox 644 4382 781 4449; x_wconf 88' lang='lat' dir='ltr'><strong>conieci.</strong></span> <span class='ocrx_word' id='word_1_244' title='bbox 835 4384 868 4443; x_wconf 74' lang='grc' dir='ltr'><strong>εἰ</strong></span> <span class='ocrx_word' id='word_1_245' title='bbox 891 4379 1038 4459; x_wconf 71' lang='lat' dir='ltr'><strong>leontini,</strong></span> <span class='ocrx_word' id='word_1_246' title='bbox 1074 4379 1168 4472; x_wconf 86' lang='lat' dir='ltr'><strong>quod</strong></span> <span class='ocrx_word' id='word_1_247' title='bbox 1193 4375 1263 4444; x_wconf 88' lang='lat' dir='ltr'><strong>sub-</strong></span> 
     </span>
    </p>
   </div>
   <div class='ocr_carea' id='block_1_5' title="bbox 0 0 1449 4942">
    <p class='ocr_par' dir='ltr' id='par_1_6' title="bbox 0 0 1449 4942">
     <span class='ocr_line' id='line_1_36' title="bbox 0 0 1449 4942; baseline 0 0"><span class='ocrx_word' id='word_1_248' title='bbox 0 0 1449 4942; x_wconf 95' lang='lat' dir='ltr'><strong> </strong></span> 
     </span>
    </p>
   </div>
  </div>
 </body>
</html>
