2872 4942
175 339 247 414 472
409 363 480 406 vui.
504 364 546 405 on
569 361 715 406 renarro
742 364 913 408 scissuris
941 362 1062 407 oanuui

173 544 297 608 iactura
324 553 583 628 compensetur,
620 561 686 629 quo
720 535 863 603 eandem
889 562 1025 604 scenam
1056 537 1116 618 lv,
1141 537 1164 605 3
1192 535 1245 600 alio

87 712 101 749 ¹„
173 655 307 749 iuiloco
331 651 594 737 deminuendam
623 654 789 744 suspicor:
815 653 1024 747 absquequo
1043 671 1139 732 esset,
1164 650 1246 718 facile

174 748 460 887 omittl'ssquem
488 768 532 837 19
554 769 725 860 posuimus
751 793 865 835 versus
891 787 1055 862 potuerat.
1097 767 1153 835 Sic
1171 769 1246 834 enim

174 886 272 980 vulgo
294 876 409 1009 berssit
435 883 687 976 Theuropides:

200 1000 246 1070 36
272 1003 344 1066 Hei
368 994 463 1074 mibi,
490 999 645 1090 disperii:
673 994 765 1066 vo'cis
788 1023 859 1064 non
886 995 994 1065 babeo'
1018 1005 1115 1066 satis.

273 1109 409 1189 Viciae,
428 1119 530 1206 perii,
555 1109 680 1179 interii.
731 1136 777 1182 sl.
805 1114 970 1206 numquid
991 1116 1027 1183 Τ
1022 1113 1127 1181 νάηίο

272 1228 458 1297 Turbdviti
509 1252 569 1295 Tit.
596 1234 696 1295 immo
721 1235 769 1295 mi
790 1225 986 1296 exturbavit
1010 1225 1141 1296 simnia.

277 1348 323 1411 Te
348 1344 543 1434 ludificatus
569 1361 620 1410 est
646 1362 681 1410 et
704 1370 756 1409 me
780 1345 881 1410 bodie
905 1345 1063 1437 indignis
1088 1344 1201 1410 modis.

202 1458 249 1530 40
275 1485 323 1528 st.
355 1461 448 1551 Quid
473 1455 509 1528 ια’
532 1462 605 1526 ais?
656 1484 718 1528 111.
753 1462 837 1526 baec
862 1484 918 1527 res
942 1462 995 1526 sic
1016 1478 1069 1527 est
1095 1470 1133 1526 cit
1159 1456 1244 1526 itarro'
1275 1538 1279 1551 ι

668 1558 739 1628 tibi.

192 1656 205 1673 ⁰
276 1679 324 1742 Te
346 1674 540 1768 ludificatus
568 1693 602 1742 et
627 1701 679 1740 ute
705 1675 806 1741 bodie
833 1682 870 1742 in
892 1694 1094 1769 perpetuum
1120 1677 1242 1744 modun

178 1794 305 1874 Quibus
342 1793 376 1855 iu
413 1793 564 1857 versibus
603 1795 710 1858 vicine
748 1795 940 1884 scripsimus
984 1819 1061 1860 cum
1102 1792 1245 1870 Acidalio,

177 1913 267 2001 perii
288 1911 408 1972 interii
431 1909 692 1998 transposuimus
720 1933 795 1974 cum
820 1909 954 2000 scriptis
983 1906 1079 1974 libris
1104 1911 1250 1984 omuibus,

135 2010 336 2123 &speum
371 2023 489 2089 Bothio
520 2025 726 2089 inseruimus.
791 2020 913 2089 Eidem
947 2051 999 2090 vv.
1023 2024 1082 2093 39.
1105 2021 1150 2093 41
1185 2025 1253 2090 haec

185 2139 373 2213 emendatio
402 2138 565 2204 debetur:

283 2272 548 2397 Deiudisicatust
573 2328 625 2368 mc
651 2303 751 2370 bodie
778 2252 791 2362 l
819 2254 975 2387 indignis
1000 2255 1125 2320 modis:

780 2365 790 2444 l
822 2396 860 2436 in
875 2386 1075 2462 perpetuom
1095 2368 1232 2436 modum:

187 2488 239 2551 cui
266 2485 404 2578 quidem
437 2485 662 2552 emendationi
695 2487 778 2552 iusta
804 2484 889 2553 fides
916 2514 934 2552 c
959 2486 1183 2563 Palatinarum
1202 2482 1260 2549 de·-

187 2629 277 2668 mum
302 2604 466 2694 scriptura
492 2600 632 2669 accedit.
686 2603 742 2669 Sic
768 2604 858 2668 enim
883 2605 1034 2696 priorum
1055 2628 1184 2671 versum
1196 2603 1259 2668 Ve-

188 2737 239 2786 tus
267 2718 419 2786 exhibet:

977 2809 1058 2861 modis
1181 2792 1203 2861 2

292 2889 325 2952 T
323 2912 340 2950 e
366 2888 560 2968 ludificatus
587 2903 637 2951 est
660 2885 773 2951 ibodie
800 2886 956 2978 indignis
981 2887 1035 2954 dis

193 3020 225 3067 et
258 3003 292 3069 in
323 3009 468 3097 margine
495 3003 534 3081 iti*
558 3029 631 3081 ine,
662 3003 706 3066 ita
733 3022 844 3068 tamen
869 3022 905 3070 ut
937 3021 1174 3072 e·correctura
1204 2999 1250 3064 tlfll

194 3135 271 3186 atus
296 3136 347 3184 est
374 3119 529 3213 syllabae.
564 3124 594 3187 A
620 3141 686 3209 quo
715 3121 762 3185 sic
788 3122 989 3186 Decurtatus
1016 3119 1197 3212 discrepat:

294 3238 341 3301 Te
365 3236 573 3332 ludificatust
600 3210 683 3343 milii
705 3233 806 3301 bodie
833 3234 974 3330 indigni
992 3235 1045 3304 dis

195 3350 288 3417 Alter
314 3369 420 3416 autem
448 3379 559 3420 versus
585 3354 620 3417 iu
641 3358 767 3422 Vetere
791 3353 845 3419 hic
871 3369 939 3418 est:

311 3461 320 3503 t
551 3445 577 3524 l

294 3532 560 3621 [deludificatust
584 3561 635 3602 me
659 3535 760 3601 bodie
786 3542 823 3601 in
846 3550 1046 3627 perpetuum
1072 3529 1202 3599 modum

195 3649 250 3715 hic
277 3671 357 3714 vero
384 3651 418 3716 iu
441 3653 642 3718 Decurtato:

299 3763 565 3857 [deludificatust
587 3792 638 3831 me
664 3766 765 3832 boelio
792 3770 828 3831 in
852 3782 1051 3857 perpetuum
1077 3759 1206 3825 modum

199 3879 260 3944 sed
286 3888 322 3949 ut
348 3905 400 3944 me
426 3883 468 3944 sit
496 3906 513 3945 e
543 3907 628 3947 corr.
653 3907 714 3972 pro
739 3886 792 3946 mi.
843 3881 947 3946 Attuli
973 3881 1075 3958 haec,
1103 3879 1138 3940 in
1163 3871 1254 3966 quibus

198 3994 297 4083 plane
322 4014 461 4087 apparet
486 4000 607 4067 veteris
636 3996 857 4064 emendatoris
885 4020 1009 4074 manus,
1037 4019 1137 4086 quam
1159 3983 1255 4082 plenis·

200 4110 278 4173 sime
305 4130 503 4202 propterea,
533 4112 626 4205 quod
652 4116 694 4179 ita
721 4115 896 4204 sperabam
923 4112 995 4176 sore
1022 4127 1057 4173 ut
1084 4134 1139 4196 sua
1166 4112 1255 4194 spottie

200 4226 376 4316 unicuique
406 4229 540 4309 eadem,
575 4257 673 4322 quam
702 4255 763 4321 ego
791 4254 859 4295 uon
882 4232 976 4320 potui
1001 4224 1121 4319 procul
1146 4221 1255 4286 habere,

202 4340 344 4434 Suspicio
371 4363 573 4435 nasceremur·
626 4348 708 4414 Nam
724 4347 778 4415 vix
802 4322 883 4414 mibi
902 4342 1090 4436 persuadeo
1106 4359 1168 4405 tam
1189 4319 1255 4404 brevi
