2872 4942
160 328 233 411 598
506 363 536 408 x·
580 365 622 409 oe
648 346 776 408 ciniso
802 361 900 413 exire

165 559 223 602 eos
250 558 362 601 versus
387 534 500 626 sequi,
537 533 659 626 quibus
684 529 728 597 de
752 530 876 624 nuptiis
901 546 1039 622 agetur:
1074 547 1178 623 etque
1200 550 1249 599 est

161 649 229 715 hoc
255 674 334 714 sane
357 649 401 712 iso
428 670 555 727 verum,
571 654 626 725 'ut,
653 647 681 711 si
700 642 811 725 vellet,
838 646 986 737 potuerit
1010 646 1054 710 ab
1070 672 1100 711 v.
1116 649 1162 715 12
1179 672 1248 713 cam

162 766 386 833 narrationem
413 760 528 830 ordiri.
590 760 660 829 sed
686 760 832 828 eundem
857 786 886 829 v.
915 763 962 830 12
982 780 1057 828 oon
1084 761 1169 830 item
1195 786 1249 828 eo-

165 881 320 972 gitetione
347 860 605 971 compreheodit
629 876 818 968 deinceps,
845 901 921 944 cum
945 876 1009 943 bos
1035 900 1111 943 esse
1139 902 1248 945 versus

164 994 334 1062 tollendos
356 994 455 1075 dicit,
488 994 521 1063 h.
550 1019 577 1060 e.
604 1017 682 1072 eos,
716 990 838 1085 quibus
862 1010 1056 1084 repugnent
1081 993 1249 1060 subiuneti

164 1137 197 1178 v.
225 1115 269 1180 12
286 1137 376 1203 sqq.‚
411 1109 488 1178 illos
522 1092 675 1202 iiuidem:
718 1110 766 1176 Te
800 1105 1042 1198 exspectabam
1072 1107 1248 1204 usquead

166 1229 204 1299 V
197 1250 317 1295 xorem
344 1243 378 1295 et
402 1225 494 1295 dotis
517 1249 580 1292 sex
606 1225 741 1295 talenta
764 1223 927 1315 spondeo.

262 1342 341 1447 Pion
365 1359 492 1434 postest
514 1343 579 1406 iam
606 1339 723 1419 latere,
747 1364 833 1431 quae
860 1364 941 1407 vera
964 1341 1050 1406 ratio
1077 1341 1124 1407 sit
1148 1342 1247 1408 inser·

164 1474 270 1524 torum
297 1477 374 1549 post
395 1484 422 1524 v.
439 1458 484 1525 12
509 1481 662 1524 versuum
685 1453 829 1534 illorum,
854 1478 965 1547 nequo
990 1454 1077 1549 fugis
1105 1482 1146 1524 ea
1170 1459 1247 1524 ratio

164 1569 373 1639 Graue1·tum.
424 1573 554 1639 Etenim
580 1569 752 1663 ‘ssuplex
783 1570 864 1638 olim
888 1571 1032 1638 exitus
1058 1570 1247 1640 Andriae

164 1688 295 1754 exstitit.
346 1681 472 1755 Eorum
497 1688 633 1753 brevior
659 1685 751 1766 alter,
777 1709 845 1780 quo
868 1688 955 1755 intus
981 1704 1190 1759 transactum
1212 1689 1245 1755 in'

164 1801 207 1869 de
231 1803 368 1884 Charini
394 1805 516 1896 nuptiis
543 1802 764 1894 significetur,
797 1801 1025 1894 perplurima
1049 1804 1245 1897 exemplario

165 1916 207 1983 ad
232 1942 293 1985 nos
321 1938 371 1984 est
393 1935 610 2012 propagatus:
646 1916 731 1983 alteo
756 1933 886 1998 eutem,
921 1941 989 2010 quo
1022 1915 1068 1984 de
1096 1920 1170 1986 istis
1194 1945 1245 1984 nu-

163 2032 241 2124 ptiis
264 2058 347 2102 nova
373 2034 501 2099 adiecta
528 2059 625 2102 scena
651 2058 765 2099 eorem
792 2033 1040 2124 spectatoribus
1061 2035 1245 2126 oPemphi·

90 2235 95 2244 .
163 2148 208 2228 le,
233 2150 418 2216 Chremcte
444 2169 480 2217 et
493 2149 638 2215 Charino
667 2147 778 2216 dedica
802 2173 904 2241 opera
930 2150 1049 2240 agitur,
1076 2176 1171 2220 nunc
1195 2151 1243 2216 de·

161 2290 253 2331 mum
280 2265 392 2332 denuo
415 2267 568 2332 innotuit.
631 2265 702 2330 Nee
728 2283 841 2331 tomen
862 2262 932 2332 ullo
961 2267 1171 2358 vestigio'eo
1193 2265 1243 2332 do·

129 2434 137 2457 J
163 2382 278 2460 cimus,
305 2401 340 2449 ut
364 2383 399 2449 in
424 2382 490 2448 hoo
516 2379 655 2474 quidem
679 2380 769 2447 exitu
794 2400 922 2447 servata
943 2380 1047 2448 fuisse
1070 2381 1131 2449 illa
1155 2383 1242 2450 verbo

161 2515 336 2589 putemus:
364 2514 411 2577 tu,
436 2499 547 2570 Dave,
573 2495 632 2561 abs·
652 2494 806 2560 domum:
826 2520 971 2587 propere
996 2521 1151 2579 arcesse,
1175 2499 1242 2565 hine

118 2597 126 2612 ’
163 2617 222 2705 qui
253 2616 421 2700 cesserant
457 2638 541 2683 eom.
582 2612 667 2705 quid
701 2613 796 2679 stes?
836 2612 920 2706 quid
951 2637 1077 2680 cessas.
1120 2618 1164 2685 D.
1193 2637 1242 2680 eo:

162 2754 247 2820 quae
271 2729 427 2796 G1·aue1·ti
448 2730 548 2796 fuisse
575 2755 671 2800 mens
698 2729 832 2796 videtur
856 2756 890 2822 p.
920 2727 1000 2798 198.
1055 2731 1194 2812 Contra,
1215 2747 1242 2796 ut

162 2844 204 2910 ob
233 2868 271 2911 eo
299 2870 399 2911 versu
425 2849 483 2936 qui
511 2864 561 2912 est
586 2847 621 2913 T
616 2869 635 2910 e
661 2845 902 2936 exspectabam
928 2870 956 2911 e.
968 2871 999 2937 q.
1012 2871 1039 2912 ε.
1062 2872 1152 2916 nove
1176 2869 1241 2940 pos·

160 2977 212 3026 set
233 2983 336 3027 soene
364 2959 479 3042 ordiri,
506 2960 636 3053 aliquid
661 2959 830 3032 adiectum
855 2961 1036 3053 oportebat
1061 2983 1145 3054 post
1166 2963 1236 3032 cha·

165 3075 232 3141 sini
258 3077 361 3143 verba
378 3076 563 3166 foetorem
584 3102 672 3169 quoe
696 3078 785 3145 voles
809 3082 879 3143 scio
905 3100 977 3144 esse
1003 3083 1136 3145 omnia.
1176 3078 1238 3144 Nam

163 3207 200 3257 ut
220 3215 309 3257 nuno
337 3191 420 3259 haec
447 3194 622 3273 habentus,
651 3213 683 3261 et
699 3193 864 3284 Pamphili
886 3217 1091 3285 responsum
1118 3191 1236 3264 desido-

162 3315 264 3384 retur,
293 3329 362 3398 quo
378 3332 413 3374 se
437 3333 566 3379 mosem
582 3309 730 3376 Charino
757 3292 927 3401 gesiuoum
948 3306 1166 3400 polliceatur,
1189 3330 1240 3375 neo

167 3417 346 3502 docemur,
376 3423 468 3515 quod
490 3425 654 3517 imprimis
681 3441 792 3492 nostro
818 3423 922 3490 refert
946 3424 1055 3502 scire,
1094 3427 1140 3492 ab
1165 3425 1243 3490 initio

171 3561 289 3605 scenae
327 3539 540 3605 Chremetem
575 3539 682 3609 solum
721 3565 796 3606 cum
821 3539 893 3607 solo
918 3538 1098 3631 Pamphilo
1125 3538 1246 3615 versari,

170 3656 302 3720 neceb
329 3653 389 3721 illo
422 3655 605 3724 Charinum
640 3659 835 3748 Davumque
861 3657 1020 3746 conspici.
1083 3656 1245 3725 Excidisss

122 3801 123 3806 1
173 3765 272 3858 igitur
300 3769 429 3862 aliquos
466 3769 648 3837 versiculos
684 3771 898 3850 coniieimos,
932 3752 1056 3864 quibos
1091 3771 1185 3841 velut
1213 3764 1246 3834 oti

173 3879 239 3950 hoc
264 3883 456 3976 exemplum
484 3887 637 3978 superior
657 3911 755 3953 scena
781 3888 1035 3954 terminaretur:

206 3995 296 4084 (εΗ.)
337 4002 371 4072 T
368 3994 428 4072 zius
453 4019 504 4070 est
530 4027 623 4073 sione
647 3996 825 4071 Chremes.-
852 4005 1037 4087 joctmom
1062 3998 1152 4092 quoe
1179 3999 1253 4068 voles

766 4123 835 4187 scio
860 4141 932 4182 esse
958 4113 1086 4183 oozrzia.

209 4248 267 4299 PA.
324 4226 487 4303 Memini:
514 4249 616 4327 atque
642 4234 728 4302 adeo
765 4251 801 4298 ut
829 4229 920 4300 volni
953 4233 1169 4300 continetiam
1202 4221 1251 4298 Istic

767 4375 876 4417 senex
901 4343 973 4416 exit
989 4352 1111 4435 soros.
