2872 4942
167 336 240 412 458
378 358 462 406 ’νιιι.
487 363 705 407 nerrrosro
735 362 906 408 scrutaris
930 363 1055 408 ounrre

166 560 255 603 esse:
290 534 384 628 quod
409 559 477 602 non
502 535 585 628 fugit
613 536 850 602 camerarium.
911 535 1017 604 Huius
1055 536 1141 602 enim
1170 560 1226 626 sup·

164 649 376 744 plumentum
414 669 464 717 est
495 649 590 744 quod
622 675 713 717 nunc
749 650 857 718 fertur
889 671 1101 746 repugnante
1134 670 1228 727 metro,
1279 669 1281 677 ‘

166 768 244 833 satis
280 784 356 859 apta
393 769 577 833 sententia:
627 790 683 834 rr.
720 765 803 860 quid
827 771 878 832 ita
904 790 1008 844 vero,
1043 766 1159 836 Simo?
1199 764 1230 830 ld

166 907 241 949 eum
267 907 385 976 parum
412 882 476 948 sibi
502 901 655 949 constans
691 907 760 949 uon
791 882 1010 976 significasset
1038 884 1075 948 in
1101 908 1157 950 sua
1177 879 1234 948 edi-

164 996 255 1063 tione
281 996 469 1063 Gronovius
497 996 623 1090 dispari
645 996 831 1063 litterarum
854 997 972 1076 forma,
999 997 1123 1065 accidit
1142 1015 1237 1090 utpro

163 1111 321 1178 Plautinis
348 1110 405 1177 illa
432 1114 537 1180 verba
565 1113 607 1177 ab
635 1113 827 1179 Hermanno
853 1113 1062 1180 haberentur
1087 1108 1230 1179 Elemd

163 1245 261 1315 metr.
287 1254 319 1321 p.
348 1231 428 1298 217.
481 1231 574 1312 Quae
602 1248 711 1296 autem
736 1256 765 1295 v.
788 1229 835 1297 33
862 1245 1074 1321 sequuntur,
1105 1253 1158 1295 res
1176 1226 1231 1318 ipsa

164 1342 283 1412 clamat
305 1345 605 1412 sermocinantibus
630 1347 675 1412 ita
710 1342 938 1436 dispertienda
965 1368 1060 1427 esse,
1094 1361 1131 1410 ut
1160 1339 1237 1436 quod

161 1459 250 1527 solet
274 1458 354 1540 fieri
378 1459 525 1539 Simoni,
550 1460 634 1553 quid
658 1477 710 1526 est
732 1461 896 1527 Tranioni
921 1461 1127 1531 tribuantur:
1160 1455 1232 1526 unde

163 1577 380 1668 consequitur
402 1575 547 1642 Simonis
574 1601 645 1643 esse
671 1601 773 1669 qrtam
798 1599 879 1641 mox
903 1576 1014 1656 verba,
1040 1573 1205 1670 quorumf
1216 1614 1232 1626 -

163 1689 228 1769 cile
254 1690 454 1784 intelligitur
485 1691 572 1758 hanc
607 1717 678 1758 esse
705 1693 773 1759 vim
798 1690 1116 1771 ἀποσιωπητικήνε
1155 1714 1271 1786 quart,

277 1810 451 1898 nequitiae
478 1822 512 1872 et
532 1806 753 1873 helluationis
787 1824 869 1873 tuae
892 1832 1042 1898 poenam
1067 1809 1163 1874 lues?
1192 1800 1269 1872 vel

162 1828 332 1995 &titius
354 1922 465 1989 etiam:
491 1947 592 2015 quam
614 1913 695 1989 mo'oe
721 1927 758 1988 in
781 1925 905 1988 inulam
923 1949 1057 1990 erucem
1078 1923 1160 1992 abis?
1179 1923 1252 1988 Ea·-

163 2002 231 2130 qde
257 2061 356 2103 nemo
383 2061 452 2103 non
478 2038 571 2105 videt
594 2037 662 2104 illis
689 2040 876 2106 continuari
904 2064 989 2131 quae
1023 2057 1119 2105 antea
1154 2038 1239 2105 Sint»

163 2151 313 2220 dixerat:
354 2170 388 2219 te
422 2153 516 2218 baud
543 2153 667 2219 bonum
702 2179 834 2220 servum
861 2171 971 2220 teneo.
1029 2157 1168 2222 Rursum
1187 2153 1245 2216 his

161 2288 299 2364 praeter
325 2271 519 2362 opinionem
539 2268 659 2337 auditis
684 2271 760 2337 fieri
785 2295 924 2362 prorsus
949 2272 1072 2363 nequit
1097 2272 1172 2364 quin
1187 2262 1260 2332 vel.

162 2388 303 2454 miretur
328 2386 379 2454 vel
403 2387 598 2478 indignetur
613 2385 667 2453 vel
686 2387 783 2452 etiam
806 2388 989 2478 interroget
1007 2388 1143 2466 Tranio,
1167 2375 1273 2477 quil

163 2501 301 2570 tandem
327 2505 380 2570 rei
407 2504 449 2570 sit
474 2502 568 2596 quod
599 2501 658 2569 ille
692 2521 824 2594 crepet:
858 2502 963 2594 idque
990 2502 1071 2570 fecit
1098 2504 1136 2569 iis
1163 2518 1261 2594 qua&

165 2618 364 2686 exciderunt
390 2619 510 2686 verbis.
561 2620 635 2687 Neo
659 2620 836 2711 quaerenti
863 2620 1060 2712 querentive
1088 2619 1175 2685 deest
1185 2638 1260 2680 se·-

162 2759 246 2815 nex,
277 2760 346 2801 non
370 2734 429 2801 ille
458 2733 598 2828 quidem
623 2752 739 2826 aperte
766 2730 998 2825 respondens,
1026 2735 1089 2801 sed
1113 2759 1171 2827 per
1188 2754 1275 2795 ca·-

161 2849 301 2917 villandi
327 2853 481 2942 ambages
518 2852 740 2943 opprobrium
774 2852 809 2915 iu
833 2852 1040 2916 Tranionem
1067 2853 1275 2918 conicetur]

161 2965 228 3032 illis
261 2968 342 3059 ipsis
377 2968 603 3060 interpretans
631 2992 718 3059 quae
748 2985 1012 3058 consequuntur:
1047 2991 1147 3061 quam
1170 2970 1276 3029 mox

159 3081 268 3171 finem
294 3087 361 3148 ista
371 3085 520 3175 flagitia
546 3081 707 3147 habitura
732 3083 841 3146 rorat?
903 3081 1103 3174 Exemplum
1128 3085 1274 3176 ponasfl

163 3197 471 3293 redintegraturum
497 3223 674 3278 versuum,
699 3216 883 3290 propterea
909 3199 1117 3289 potissimum
1144 3202 1281 3264 inccr‘

162 3333 242 3396 tum,
269 3315 361 3410 quod
388 3315 489 3382 multa
516 3303 722 3382 comminisci
749 3314 822 3406 pari
845 3296 1081 3406 probabilitate
1106 3315 1190 3382 licet

211 3495 259 3565 30
289 3491 383 3588 Quid
407 3498 508 3588 agis?
559 3520 617 3564 ru.
642 3495 813 3560 bominem
837 3490 1009 3586 o'ptumum
1035 3492 1148 3564 te'neo.
1197 3487 1292 3558 SI·

199 3588 200 3592 '
660 3605 766 3676 aaut
781 3614 893 3698 facts,

289 3741 400 3836 Qudm
426 3770 479 3811 me
512 3743 643 3811 londria.
703 3767 759 3810 ru.
801 3742 900 3808 decet
929 3739 1030 3810 ce'rte.
1090 3769 1137 3814 ει.
1177 3698 1297 3832 [Δί]

660 3858 773 3924 hercle
798 3854 966 3949 [egomet]
995 3875 1029 3923 te

184 3982 185 3986 Ἰ
288 3986 387 4059 Hali
410 3991 535 4059 bortum
560 3987 661 4058 tc'neo
684 4014 828 4058 servom.
880 3984 954 4081 [rr.
985 3985 1062 4057 laem
1082 3989 1162 4084 quid
1182 3976 1279 4051 σιώ

653 4101 842 4192 ,dbsecr0?]

290 4264 337 4308 sl.
368 4236 462 4334 Quid
482 4240 599 4308 stunc?
625 4263 725 4332 qrtom
747 4232 828 4302 mdoe
854 4237 926 4302 -P
986 4262 1043 4306 rr.
1070 4235 1149 4331 quid
1169 4208 1249 4298 est(7

658 4353 715 4421 SI.
743 4349 836 4444 qttdcl
855 4354 943 4420 solet
958 4345 1063 4441 ft'eri,
