2872 4942
215 357 287 427 370
503 390 545 459 ...ss
608 378 652 420 n.
679 377 721 419 nt
747 375 923 420 succursus

211 550 330 618 Celsus
355 581 403 597 ·-
428 566 579 616 statuam
601 550 790 642 publicitus.
816 548 890 618 Sed
913 565 948 616 ct
971 550 1184 644 Plautus-e-
1207 556 1285 618 acci

206 670 295 757 piar.
346 667 419 733 Ncc
443 686 552 733 tamen
577 666 850 759 celub0,“parum
872 691 1009 733 omnem
1035 665 1129 733 illam
1154 666 1199 734 do
1220 693 1285 760 per·

207 780 277 847 dito
310 781 415 849 Stichi
446 807 545 847 versu
580 785 804 850 coniecturum
836 781 973 876 placere
1008 783 1186 876 magisque
1215 807 1282 877 pro-

205 896 352 965 babilem
375 924 448 964 meu
474 899 635 964 sententia
664 899 748 966 hanc
775 923 847 966 esse
871 923 1064 991 quanquam
1084 901 1200 991 specie
1224 900 1282 964 vio·

204 1011 383 1079 lentiorem
398 1012 601 1080 emendandi
615 1015 708 1092 vium,
737 1032 772 1080 ut
798 1014 846 1080 sic
872 1013 1014 1081 disiecto
1036 1016 1190 1081 membru
1205 1013 1282 1080 'red-

204 1129 426 1222 integrentur:
454 1125 653 1197 Publicitus.
687 1131 837 1197 Titinius
861 1134 899 1196 in
921 1129 1066 1197 Setina:
1086 1128 1283 1198 Statana

139 1256 146 1270 ·
204 1261 298 1309 tuam
311 1243 501 1336 publicitus.
520 1247 703 1312 Terentius
715 1269 848 1337 quoque
862 1249 899 1311 in
913 1242 1144 1313 Phormione:
1168 1246 1281 1313 Nonus

203 1359 268 1425 boc
291 1358 480 1450 publicitus.
509 1360 579 1444 Vbi
592 1361 719 1441 Celsus,
742 1360 924 1451 publicitus
948 1376 984 1427 et
1000 1360 1155 1439 claritus,
1173 1363 1280 1452 iuquit,

205 1473 430 1570 [antiqui]
458 1474 592 1550 dicunt,
619 1501 682 1540 nos
703 1475 836 1568 publice
862 1477 1019 1572 clareque
1044 1475 1198 1542 dicimus.
1222 1473 1281 1542 tut

204 1607 238 1657 et
261 1593 406 1657 Plautus
431 1596 468 1656 in
493 1589 740 1659 Bacchidibus:
762 1627 818 1657 ·-.
844 1592 944 1659 Idem
965 1597 1001 1658 in
1023 1590 1277 1684 Amphitruone:

202 1744 249 1754 —
272 1707 453 1798 publicitus
479 1707 626 1798 bospitio
652 1712 811 1799 accipiar.
837 1705 982 1776 Plautus
1008 1712 1045 1774 in
1072 1707 1210 1774 eadem:
1226 1703 1275 1775 An

192 1826 293 1908 foris
316 1820 479 1887 censebas
509 1821 609 1888 nobis
628 1822 809 1914 publicitus
832 1823 1043 1910 praeberier.
1093 1823 1170 1890 Hoc
1202 1816 1283 1891 otiu

200 1938 341 2005 alterum
367 1939 402 2002 in
428 1938 672 2031 Amphitruone
695 1938 888 2031 exemplum
915 1957 1021 2006 exstat
1038 1938 1221 2032 1V‚Q‚t,p

200 2052 285 2119 illud
312 2054 336 2133 l,
366 2060 396 2131 1,
421 2054 454 2122 8.
504 2055 554 2120 Ac
580 2053 730 2145 proclive
759 2071 808 2121 est
834 2053 1031 2148 intelligere,
1058 2053 1229 2147 quomodo
1242 2074 1274 2118 tx

143 2190 159 2205 ⁸
200 2169 353 2260 ascriptis
387 2171 421 2233 in
455 2170 803 2263 marginccxemplis
835 2172 954 2238 turbae
984 2172 1066 2237 istae
1096 2188 1190 2238 ortae
1216 2170 1273 2237 siit

200 2284 302 2368 Quod
327 2283 448 2350 addidi
472 2289 620 2375 antiqui,
657 2286 724 2353 seci
751 2305 942 2378 comparato
970 2287 1125 2354 Charisio
1152 2313 1184 2379 p.
1210 2283 1272 2360 190,

204 2399 263 2469 16:
292 2425 372 2466 nam
398 2405 448 2466 ita
472 2399 642 2466 Acontius
670 2401 800 2477 Celsus,
820 2419 856 2467 et
880 2401 996 2469 addit:
1033 2406 1172 2494 antiqui
1201 2402 1271 2467 enin

200 2515 363 2582 dicebant
389 2515 514 2582 ardere
536 2521 601 2607 p'ro
627 2540 755 2583 amare.
784 2519 913 2600 Quibus
941 2520 984 2584 ita
1012 2519 1069 2599 oti,
1097 2538 1134 2585 ut
1154 2517 1196 2584 dc
1215 2538 1272 2585 nr·

203 2633 254 2699 bis
276 2637 399 2725 priscis
421 2632 557 2699 Celsum
583 2635 756 2725 scripsisse
780 2631 924 2727 colligat,
945 2636 973 2699 is
997 2636 1133 2725 poterit,
1160 2634 1215 2728 ¹qui
1234 2632 1272 2696 io·

202 2767 270 2816 stos
297 2748 552 2815 commentarios
577 2750 798 2814 Terentianus
825 2750 867 2814 ab
892 2747 951 2815 illo
977 2748 1203 2816 abiudicutum
1226 2762 1271 2814 cst

203 2897 248 2912 ·-
273 2864 432 2930 Ceterum
456 2862 539 2929 nihil
567 2864 713 2954 proiecit
735 2864 777 2929 de
805 2865 947 2930 Charisii
980 2865 1093 2930 verbis
1123 2865 1270 2958 disponis

204 2979 358 3046 Osnnnus
384 2979 481 3074 Anal.
508 2979 579 3046 crit.
606 3005 639 3070 p.
671 2980 755 3048 193:
794 3005 858 3047 nec
890 2978 965 3071 plus
992 3005 1144 3071 nuperus
1177 2979 1270 3047 editor.
1309 3008 1317 3053 χ

706 3209 738 3294 §.
766 3209 800 3279 6.

288 3328 448 3433 'Propter
481 3341 631 3407 ciusdem
659 3341 785 3406 Osanni
822 3342 986 3435 quaedam
1012 3343 1115 3408 verba
1143 3355 1273 3432 tunquam

206 3458 421 3553 praeteriens
444 3455 533 3523 addo
560 3461 637 3524 Ate
649 3461 660 3521 i
671 3483 690 3521 u
702 3483 735 3520 m
764 3459 1035 3549 Capitonem,
1059 3457 1189 3524 clarum
1206 3457 1274 3520 iure·

211 3570 406 3651 consultum,
435 3574 486 3639 cui
513 3575 571 3639 etsi
598 3574 655 3638 ille
681 3575 782 3639 iustos
807 3577 842 3638 in
865 3573 1017 3640 Plautum
1043 3568 1273 3640 commentarios

210 3714 279 3756 non
305 3691 428 3767 tribuit,
458 3706 565 3753 tamen
592 3712 659 3754 non
686 3692 788 3780 magis
817 3709 851 3755 ot
867 3708 948 3782 puto
965 3690 1191 3782 probabiliter
1202 3677 1274 3752 Ant.

211 3832 244 3897 p.
272 3803 319 3872 66
345 3805 430 3868 haec
453 3805 581 3895 posuit:
607 3802 745 3870 Ateium
773 3801 994 3896 Capitonem.
1010 3828 1109 3897 quem
1132 3810 1169 3870 in
1183 3793 1275 3870 Puni

212 3920 405 3986 comoedias
431 3938 693 3984 commentatum
718 3920 879 3986 essedae
907 3937 1082 3986 testantur
1099 3917 1208 3988 Plinii
1219 3917 1273 3980 loca

210 4038 256 4106 Η.
282 4038 324 4103 Ν.
348 4038 445 4106 XIV
440 4087 452 4111 ,
467 4042 506 4104 15
534 4052 567 4099 et
592 4037 742 4110 XVIII,
766 4042 818 4107 28.
870 4037 1016 4103 Pliniana
1045 4036 1182 4130 quidem
1207 4026 1273 4099 testi-

212 4155 320 4218 monia
352 4153 437 4218 haec
466 4170 561 4231 sunt,
600 4153 696 4230 XIV,
722 4154 741 4240 §
768 4155 815 4224 92
842 4151 927 4219 Sili:
977 4155 1184 4220 Lautissima
1205 4133 1273 4238 apul

208 4272 338 4357 priscos
365 4273 444 4333 vina
468 4286 570 4334 erant
592 4268 752 4356 ntyrrbae
776 4267 882 4334 odore
910 4269 1065 4367 cettditq,
1092 4286 1129 4333 ut
1155 4266 1270 4357 apparel

211 4385 248 4446 in
270 4378 388 4449 Plauti
399 4383 530 4471 fabula
556 4409 643 4477 quae
668 4381 779 4452 Persa
804 4385 1015 4464 inscribitur,
1040 4403 1226 4479 quanquam
1245 4375 1270 4436 iu
