2872 4942
169 382 241 456 tto
583 409 637 452 vu.
662 410 704 452 ne
732 407 847 452 ettvrt

167 583 203 648 in
244 607 379 651 censum
415 582 552 677 quidem
586 587 675 653 venit
706 608 787 676 prae
824 582 909 665 iltis,
944 604 1034 675 quae
1069 578 1090 666 S
1121 581 1147 650 2
1183 593 1243 646 mut

168 717 335 794 congesta.

612 772 617 781 ¹
666 791 759 913 57.

263 974 375 1068 Aegre
397 987 507 1040 autem
532 971 620 1037 ieras
638 971 728 1038 aliud
744 979 1014 1065 argumentorum
1029 992 1151 1065 genus,
1168 966 1248 1065 qood

165 1104 281 1182 suapte
315 1066 432 1154 ninum
465 1088 693 1181 gravissimum
719 1086 871 1153 consulto
896 1086 975 1153 huic
1000 1085 1079 1153 loco
1105 1088 1248 1179 reposui-

163 1226 256 1284 mus,
292 1204 379 1270 edeo
417 1205 458 1269 ab
483 1205 595 1271 Restio
625 1202 835 1295 neglectum,
868 1220 905 1270 nt
929 1202 982 1267 vix
1005 1200 1043 1266 in
1067 1220 1249 1271 amatorio

163 1314 285 1383 leviter
308 1314 452 1410 tetii'etit
476 1344 510 1411 p.
536 1320 567 1382 V
594 1316 708 1406 (tto.)
741 1320 808 1387 Vbi
835 1328 952 1409 paru'm
976 1342 1011 1383 se
1038 1319 1170 1384 moveri
1195 1317 1250 1382 Ca·

163 1436 296 1500 merarii
324 1437 486 1501 sententia
514 1434 613 1513 dicit,
646 1436 703 1527 qui
738 1457 782 1499 ex
817 1430 1046 1504 Bacchidibus
1070 1428 1194 1499 Plauti
1209 1433 1250 1495 ait

162 1574 197 1641 p.
225 1547 297 1618 418
331 1547 551 1614 adducuntur
586 1573 608 1612 a
640 1549 818 1624 Charisia,
855 1538 1010 1640 quaein
1044 1546 1115 1613 hac
1134 1545 1250 1635 faheid

167 1688 239 1729 noa
265 1664 447 1755 legaretur,
476 1681 512 1728 ut
538 1690 611 1730 esse
636 1665 789 1730 mutilam
811 1665 904 1730 illam
914 1664 1032 1751 facile
1059 1668 1249 1731 existimare

160 1783 340 1870 possimus.
393 1782 434 1845 Et
460 1781 656 1871 interposito
691 1779 735 1847 de
761 1757 901 1847 noiiciis
926 1782 1143 1847 Panormitae
1169 1804 1249 1845 com·

162 1895 283 1960 mentis
317 1894 460 1961 iudicio:
503 1896 708 1986 Fulgentius
739 1895 877 1987 quidam
909 1896 1082 1985 interpres
1108 1911 1247 1961 veterum

164 1990 676 2121 nominum,lttastr'eruam
702 2010 843 2076 adducit
869 2009 912 2074 de
936 2006 1058 2077 Plauti
1071 2008 1246 2083 Bacchide,

163 2127 457 2191 Nasiternam
484 2151 569 2191 cum
591 2150 704 2220 aqua
724 2132 866 2214 feras.
887 2128 1011 2194 Nescio
1034 2152 1085 2193 an
1105 2129 1179 2194 atta
1198 2126 1245 2191 tta

153 2241 285 2330 fabula
307 2244 439 2328 fiterit:
482 2268 563 2309 nam
595 2244 693 2310 lucius
729 2266 855 2309 nomen
884 2260 937 2309 est
960 2244 1167 2310 Bacchides.
1212 2244 1244 2307 El

164 2359 256 2450 apud
296 2358 508 2450 Fulgentium
550 2361 690 2453 quidem
726 2386 761 2453 p.
796 2359 885 2440 563,
911 2360 953 2428 31
996 2360 1103 2428 hodie
1137 2360 1244 2455 legitor

160 2473 275 2546 Plaat.
310 2477 456 2557 Bacch.;
496 2477 618 2570 quodsi
657 2477 828 2568 legeretur
867 2475 1040 2544 Bacchide
1063 2474 1114 2562 *)‚
1153 2478 1240 2544 utin

162 2593 309 2658 Mehusii
337 2593 455 2660 codice
482 2614 578 2659 antea
605 2609 884 2673 commemorato,
920 2616 989 2658 non
1022 2593 1160 2658 maioris
1190 2590 1241 2655 hoc

162 2710 320 2774 momenti
353 2727 459 2789 esset,
499 2735 596 2801 quam
634 2707 736 2799 quod·
761 2707 853 2773 idem
890 2706 1078 2773 levissimus
1117 2691 1244 2799 quiilettt¹

161 2823 262 2888 homo
297 2824 492 2917 Fulgentius
529 2850 561 2917 p.
590 2823 681 2904 564,
710 2821 733 2891 4
774 2851 791 2889 e
820 2820 940 2892 Plauti
972 2822 1145 2914 Chrysalo
1178 2824 1238 2886 citat

162 2937 363 3005 Bacchidem
387 2964 517 3005 versum
527 2940 577 3021 ·II‚
591 2942 624 3019 3,
640 2937 703 3007 44ε
730 2939 842 3032 quode
856 2963 956 3031 supra
971 2937 1097 3005 dictum
1114 2966 1147 3032 p.
1165 2935 1235 3005 163:

161 3052 213 3119 vel
251 3053 343 3145 quod
375 3051 534 3122 Bacchae
566 3074 713 3122 nostram
747 3053 892 3120 fabulam
912 3055 1051 3120 inscribi
1077 3056 1113 3120 in
1136 3051 1234 3120 codice

161 3168 442 3236 San-Danielensi
469 3173 543 3238 Car.
569 3173 705 3238 Wittius
740 3188 876 3236 testatus
909 3189 959 3237 est
992 3172 1027 3235 in
1050 3170 1171 3237 Blumii
1192 3165 1234 3233 Bi·

159 3283 280 3351 blioth.
307 3284 382 3351 libr.
405 3311 479 3352 mss.
504 3287 574 3353 Ital.
601 3314 633 3379 p.
662 3286 743 3366 232,
771 3289 917 3377 itemque
934 3286 1106 3352 Charisius
1121 3312 1154 3378 p.
1169 3283 1233 3355 tit.
1281 3350 1283 3355 .

164 3402 210 3467 1‘2
236 3400 386 3465 Plautum
413 3401 528 3493 prodit
552 3401 710 3494 ampliter
736 3427 799 3494 pro
826 3401 936 3493 ample
957 3398 1081 3467 dixisse
1108 3404 1146 3467 ia
1160 3402 1233 3468 Bac·

162 3514 233 3580 chia
256 3511 304 3600 **)
335 3515 367 3580 h.
397 3540 425 3580 e.
457 3516 660 3585 Bacchidem
683 3518 748 3598 IV,
774 3513 815 3598 4,
850 3513 906 3586 26.
966 3517 1146 3585 Contrario
1179 3507 1232 3583 titii
1281 3498 1283 3507 ¹

165 3710 464 3728 μ--Ὴ

212 3809 239 3873 ⁴*)
265 3803 321 3855 Hoc
338 3819 452 3871 nuperae
473 3802 599 3855 editiones
618 3802 751 3871 praebent.

193 3895 234 3960 *·)
262 3890 289 3942 tt
309 3892 410 3959 quidem
429 3894 455 3942 in
473 3892 530 3942 sola
546 3891 699 3943 Putschianu
719 3896 808 3942 exstat.
828 3886 931 3943 Codex:
952 3884 1081 3960 Ampiiler
1099 3878 1233 3942 meat

259 3997 309 4048 pru
322 3981 414 4048 ample.
438 3981 543 4031 Prorsus
562 3979 715 4030 incredibile
736 3988 820 4030 estet
840 3978 1025 4046 propemodum
1042 3977 1166 4041 ioculare,
1179 3967 1234 4041 quoi

263 4067 455 4117 lindenranous'
471 4068 679 4130 comminiscitur,
701 4052 731 4118 ia
751 4076 898 4133 corruptum
911 4080 1015 4131 esseex
1034 4066 1080 4131 hi,
1097 4067 1146 4117 ltoe
1164 4068 1234 4113 auten

263 4154 352 4203 valere
372 4156 527 4204 Mercatore.
557 4154 627 4205 Nihil
648 4157 697 4204 nisi
717 4170 809 4204 nornen
831 4153 933 4204 fabulae
951 4154 1048 4204 excidit
1066 4163 1126 4221 post
1142 4155 1177 4215 ia,
1191 4148 1235 4199 titt

265 4256 295 4289 ca
306 4241 399 4290 Casina
413 4241 460 4291 luit
470 4244 525 4292 sive
536 4240 679 4292 Cistellaria
691 4244 747 4293 sire
758 4240 899 4292 Bacchides
909 4243 964 4292 sive
975 4241 1049 4293 ttites
1059 4245 1118 4293 sive
1127 4241 1245 4305 llercatot

263 4334 320 4376 aive
337 4330 447 4380 suctus.
468 4329 488 4379 E
507 4329 593 4381 Sticho
612 4330 729 4398 ampliter
749 4332 846 4394 prol'ert
866 4331 962 4380 Nonius
981 4346 1007 4395 p.
1025 4331 1095 4395 511,
1115 4327 1237 4383 elimina,

265 4413 412 4465 lilereatura
424 4424 450 4466 et
468 4417 556 4471 Sticho
576 4425 650 4469 vetus
668 4416 830 4484 glossarium,
848 4417 915 4485 quod
931 4414 1168 4479 tractabiturliitt.
1180 4408 1237 4465 illl·
