2872 4942
180 314 204 384 6
402 341 421 383 ι.
449 340 492 382 ns
519 337 637 382 nctvrt
667 339 794 383 nosrta
821 341 1012 385 nustricus.

181 517 272 580 iusta
304 515 431 608 posita,
476 512 536 580 sed
575 533 645 582 aut
668 511 815 585 Plautus
842 515 1008 583 Sarsinas
1041 533 1113 583 aut
1136 484 1300 607 Plautus)

179 626 323 698 Asinius
361 632 396 695 in
434 630 572 726 singulis
608 631 703 696 libris
730 656 805 697 mss.
830 651 931 722 pocta
957 631 1158 724 appellatos.
1213 633 1277 699 tte.

100 821 105 829 ‚
183 743 412 813 cardabuntur
438 746 577 814 fortasse
604 745 695 812 illius
722 745 965 828 similitudinis,
1004 772 1103 840 qttam
1132 749 1297 815 intes-cer

178 860 265 929 dere
289 863 384 943 inter·
407 853 552 942 ἀλώπηξ
579 881 613 929 et
636 862 749 928 Fucbs
775 887 877 929 voces
905 861 1043 954 quidam
1079 863 1196 930 docuit
1220 888 1279 953 pa-

178 994 271 1045 trum
293 962 469 1058 bremoria,
496 980 611 1072 quiin
638 979 729 1044 hunc
755 977 892 1044 modum
919 998 1050 1044 nosmet
1077 979 1279 1047 ratiocinan-

181 1111 233 1162 tes
260 1092 447 1161 audierint:
477 1121 495 1160 e
523 1095 717 1162 Sarsinatis
742 1095 864 1161 iactum
891 1119 965 1160 esse
987 1090 1184 1174 Assinatis,
1214 1094 1278 1163 hoc

181 1211 230 1277 sic
263 1211 426 1305 scriptum
455 1207 575 1279 Arsin.
615 1213 771 1277 transisse
811 1212 846 1275 in
871 1209 1023 1290 Arsinii‚
1058 1209 1138 1276 iude
1166 1228 1279 1279 sutem

181 1342 293 1394 ortum
314 1325 437 1397 Asinii.
490 1329 533 1393 Et
571 1344 681 1392 tamen
712 1328 833 1394 borum
861 1324 943 1393 nibil
972 1343 1042 1406 est,
1081 1324 1175 1418 quod
1209 1350 1278 1395 non

178 1458 235 1507 sut
261 1439 482 1509 demonstrari
508 1444 614 1534 possit
656 1460 710 1507 sut
735 1464 874 1532 prorsus
901 1440 1066 1507 credibile
1093 1442 1136 1507 sit
1158 1464 1278 1508 revers

179 1556 353 1628 accidisse.
415 1557 527 1641 Quid?
561 1555 654 1649 quod
689 1581 707 1623 r
741 1556 854 1627 littera
888 1582 928 1622 cx
959 1555 1018 1623 illo
1052 1558 1188 1622 nominc
1211 1557 1277 1622 inm

178 1689 330 1739 veterum
357 1673 600 1740 consuetudine
637 1697 705 1741 non
731 1672 857 1751 setn'el,
889 1671 949 1738 sed
982 1671 1116 1764 saepius
1150 1671 1278 1738 cessit?

180 1787 254 1859 Nec
288 1791 379 1856 enlm
413 1790 449 1854 in
474 1786 646 1881 lapidibus
673 1807 798 1854 tantum
827 1787 980 1879 exempla
1008 1789 1137 1879 aliquot
1163 1789 1281 1855 certis-

179 1896 262 1993 slnisi
287 1880 400 1971 extant
424 1924 585 1974 sAssttt'A
617 1922 649 1970 et
683 1924 915 1971 sAsstttATEs
947 1904 1151 1994 scripturae,
1167 1966 1174 1975 ,
1191 1926 1279 1994 quae

179 2038 335 2114 congesta
360 2019 468 2086 babes
499 2046 516 2086 a
542 2019 688 2086 Cluvero
712 2018 784 2086 Ital.
810 2036 874 2084 ant.
904 2019 954 2096 tt,
977 2044 1011 2109 p.
1037 2019 1110 2089 623
1143 2036 1178 2083 et
1201 2018 1279 2119 llic.

178 2133 315 2203 Heinsio
342 2137 377 2200 in
403 2128 462 2206 Silss
489 2133 561 2203 Ital.
587 2134 679 2213 VIII,
707 2130 794 2201 463:
832 2131 892 2198 sed
921 2129 985 2225 ipsi
1013 2131 1096 2199 Silio
1124 2159 1164 2199 cx
1188 2133 1279 2224 opti,

126 2316 130 2324 ,
177 2250 237 2317 mis
262 2250 436 2320 codicibus
462 2253 649 2318 restitutum
674 2267 723 2315 est
744 2248 908 2326 Sassina,
947 2273 1011 2340 pro
1046 2273 1114 2340 quo
1147 2252 1279 2323 sexium

174 2366 362 2434 Puteancus
388 2368 537 2459 praebet.
578 2363 775 2457 Eademque
802 2365 907 2431 forma
934 2364 1056 2430 eodem
1083 2363 1144 2431 illo
1169 2365 1279 2435 Hein-

176 2481 226 2547 sio
253 2500 389 2550 auctore
415 2508 433 2548 e
459 2507 537 2552 mss.
562 2480 658 2547 libris
681 2481 793 2547 xetium
818 2478 964 2545 Martiali
999 2496 1053 2546 ter
1079 2497 1128 2545 est
1151 2481 1290 2571 panisn-

175 2595 376 2663 vindiccnda
402 2599 526 2689 partim
548 2594 745 2664 reddenda:
771 2596 909 2677 ΙΙΙ-58,
938 2596 998 2663 35.
1022 2597 1080 2676 ΙΧ,
1108 2595 1165 2673 59,
1192 2591 1216 2663 ‘l
1244 2611 1278 2665 ct

177 2705 203 2786 l,
229 2704 287 2789 43,
314 2713 347 2790 7,
375 2735 517 2803 quorum
540 2736 695 2778 versuum
721 2727 894 2803 postremo
920 2735 985 2802 pro
1012 2735 1053 2776 eo
1081 2708 1174 2803 quod
1200 2708 1276 2775 vul-

176 2841 272 2916 getur
285 2823 419 2918 fiscina
454 2826 505 2892 vel
529 2830 679 2914 fuscina
699 2827 844 2918 optimus
872 2827 1055 2893 Tbucncus
1082 2823 1279 2918 suppeditat

177 2940 206 3013 S
215 2947 366 3014 asina.
425 2943 584 3034 Denique
621 2941 741 3010 eodem
776 2961 930 3034 spectare
969 2958 1112 3034 apparet
1143 2939 1273 3009 codicis

70 3093 74 3103 ¹
177 3059 365 3127 Charis-iani
388 3083 423 3151 p.
452 3061 522 3127 174
548 3059 584 3123 P.
613 3059 810 3149 scripturam
838 3056 1010 3137 Sasinum,
1035 3059 1070 3122 in
1090 3055 1275 3124 Sarsiottm

174 3192 333 3241 mutatam
370 3174 412 3239 ab
440 3166 643 3240 editoribus:
685 3174 753 3240 sive
789 3173 968 3240 Sat-sinam
1006 3199 1024 3239 a
1056 3172 1273 3265 grummctico

173 3289 362 3382 profectum
393 3307 443 3356 est
476 3291 544 3354 sive
572 3290 669 3356 etiam
697 3287 876 3356 Sassionm
901 3289 1008 3355 forma
1035 3288 1149 3354 extitit
1202 3285 1274 3353 Sed

174 3423 212 3472 ut
235 3403 277 3471 ad
303 3405 472 3473 Plautinos
499 3404 604 3471 libros
631 3421 847 3484 revertamur,
875 3405 1007 3482 abiecti
1031 3429 1048 3471 s
1070 3403 1182 3470 littera
1200 3399 1274 3470 An-

172 3524 297 3587 sinatis
323 3543 398 3586 cum
422 3519 501 3587 alibi
531 3523 692 3611 scriptum
715 3539 764 3586 est
781 3537 852 3586 tum
867 3521 902 3587 in
918 3521 985 3586 fine
994 3519 1147 3587 Vaticani
1160 3515 1272 3612 3304,

172 3636 231 3702 ubi
257 3636 403 3728 primum
432 3660 471 3701 eit
498 3636 708 3726 Hieronymo
736 3652 892 3726 excerpta
920 3652 1005 3713 sunt,
1033 3658 1175 3726 quorum
1203 3632 1292 3707 boc,

173 3769 223 3828 est
245 3751 388 3818 initium:
427 3747 571 3818 Plautus
599 3748 810 3818 estbrta
835 3745 984 3817 Arsinos
1009 3749 1140 3816 Iiomoc
1165 3752 1272 3813 mori-

173 3880 242 3940 tur,
268 3864 429 3958 deinceps
455 3882 564 3934 autem
587 3865 723 3933 aliunde
746 3864 813 3933 ulia
832 3863 1002 3935 adduntur
1017 3862 1187 3932 simillimo
1208 3865 1274 3929 ini-

171 3980 234 4046 tin:
261 3975 405 4049 Plautus
431 4007 476 4049 ex
490 3984 530 4052 V
524 3981 634 4050 mbrt‘u
650 3980 814 4048 Sarsinos
840 4005 867 4046 e.
891 4007 925 4072 q.
950 4006 975 4047 s.
1004 3976 1147 4049 Gravius
1157 3979 1273 4079 sstiam

170 4108 237 4173 cst,
273 4095 367 4185 quod
401 4099 435 4162 in
475 4098 547 4189 ipsa
584 4095 792 4171 Mostellaria
818 4097 882 4176 ΙΙΙ,
914 4099 952 4175 2,
980 4097 1027 4166 83
1064 4114 1274 4164 Austssrts

173 4226 340 4274 exaratum
375 4211 500 4304 legitur
536 4213 570 4277 in
608 4214 831 4279 vetustissimo
859 4211 976 4280 codice
1003 4211 1161 4278 deleticio
1190 4211 1275 4276 Ant.

171 4325 340 4394 brosiano.
380 4329 553 4397 Postremo
582 4352 623 4395 nc
649 4319 735 4397 illud
762 4328 912 4427 quidem,
938 4328 1030 4424 quod
1057 4331 1176 4405 omissa
1204 4348 1273 4398 ter-
