2872 4942
377 336 399 381 ι.
423 336 468 378 na
494 335 611 379 rttvrt
639 337 767 385 cosma
797 340 983 385 ιιοιιιιιιιιιιι.
1184 319 1231 391 19

168 522 190 571 ti

240 615 365 712 [Hcm}
387 617 603 707 marln'num
623 617 707 684 mibi
730 619 831 709 affer,
852 645 918 715 quo
943 620 1096 688 via-itibus

236 735 350 803 Armis
376 749 550 799 occursent
576 730 702 824 [magis
732 733 839 824 nuria]
855 737 1089 823 fortiuscule:

149 868 272 937 prorsus
306 853 400 918 enim
434 850 470 914 in
508 849 572 916 boc
611 875 737 942 genere
775 851 990 919 incredibilia
1016 870 1051 919 nt
1078 852 1229 921 consolet

143 960 272 1033 Rotbius
297 967 523 1033 machinatur:
559 964 661 1032 modo
687 964 731 1032 de
758 965 826 1032 fide
848 968 877 1032 F
880 965 1019 1059 uigentii
1042 967 1118 1037 satis
1146 992 1228 1036 con-

143 1100 244 1148 staret.
297 1082 394 1197 Quat}
425 1081 521 1145 etiam
557 1080 592 1145 in
628 1080 689 1145 bac
725 1105 840 1147 caussa
864 1105 932 1147 non
958 1108 1058 1149 unam
1084 1084 1227 1149 obrem

143 1195 229 1262 valde
252 1198 334 1264 mibi
360 1211 514 1286 suspecta
542 1213 599 1261 cst
650 1195 735 1259 Nam
770 1220 846 1261 cum
880 1195 1027 1265 inaudita
1059 1199 1226 1265 veteribus

143 1324 166 1375 et
192 1310 337 1403 antiquis
362 1309 583 1400 scriptoribus
610 1309 676 1374 sint
692 1310 942 1402 etsimpulones
961 1336 1087 1380 nomen
1114 1330 1146 1378 et
1160 1337 1227 1404 ga-

143 1398 214 1493 iffi
250 1428 375 1506 forma,
415 1445 483 1492 tum
524 1424 761 1491 alienissimum
803 1426 861 1491 est¹
887 1451 905 1492 a
929 1424 1090 1495 latinitate
1127 1451 1226 1495 arma

143 1541 199 1608 iici
232 1567 299 1634 pro
326 1541 412 1608 telis.
465 1540 583 1631 Itaque
614 1557 650 1605 ut
685 1539 795 1608 dicam
831 1540 924 1635 quod
950 1542 1075 1627 sentim
1119 1543 1226 1609 extitit

143 1656 273 1749 [uidem
299 1656 402 1723 Sutrii
431 1654 568 1721 alicuius
591 1657 836 1723 Piscatoria
862 1657 1092 1724 comoedia
1109 1683 1226 1751 ‘quae-

143 1771 224 1852 iam,
258 1796 359 1865 qnam
394 1788 571 1862 usurparet
610 1769 829 1861 Fulgentius:
865 1796 934 1839 non
969 1772 1031 1837 fuit
1052 1791 1163 1839 autem
1188 1799 1225 1838 ca

143 1886 260 1953 ›riscae
284 1886 411 1964 aetatis,
441 1910 557 1952 verum
584 1884 688 1951 medii
713 1887 794 1965 aevi,
821 1910 889 1987 non
903 1888 1128 1980 comparanda
1150 1891 1226 1982 qui-

143 2000 208 2067 iem
235 2027 314 2069 cnm
338 1999 549 2079 Philodamo,
577 1999 675 2067 Falso
703 2002 891 2093 hypocrita,
916 2001 1113 2094 Philogenia
1129 2020 1162 2069 et
1181 2005 1225 2070 si-

143 2114 263 2183 nilibus
290 2115 567 2209 fabulis,'qnales
593 2116 731 2182 suerunt
759 2115 872 2183 Caroli
891 2117 1033 2199 Armini,
1059 2120 1225 2185 Mercurii

143 2232 247 2299 toneii
280 2231 535 2306 vercellensis,
573 2230 709 2325 Vgolini
741 2234 945 2313 Parmensis,
978 2231 1134 2298 aliorum:
1180 2232 1223 2299 de

143 2347 250 2439 [uibus
279 2348 431 2414 breviter
461 2347 529 2413 dixi
561 2348 597 2412 in
621 2348 708 2413 Mos.
734 2348 839 2417 Rhea.
866 2345 984 2440 philol.
1008 2347 1065 2442 IV,
1088 2372 1123 2437 p.
1154 2344 1225 2415 162

143 2462 185 2529 cf.
212 2460 340 2528 Oreltii
363 2462 469 2554 Epist
494 2463 567 2532 crit.
591 2459 635 2527 ad
660 2460 806 2554 Madvig.
833 2487 867 2553 p.
885 2458 1025 2544 LXXI):
1053 2439 1115 2525 sesi
1134 2460 1224 2527 eins·
1319 2446 1322 2451 Ι

143 2576 207 2643 iem
227 2576 303 2644 sere
329 2579 462 2670 generis
486 2596 586 2671 atque
613 2575 838 2659 Qucrolus.
867 2578 955 2670 Ergo
982 2575 1112 2642 Sutrius
1139 2597 1224 2667 qno-

143 2716 200 2784 [ne
234 2690 292 2757 vel
327 2682 467 2759 Succius
494 2689 525 2776 *)
565 2718 583 2757 a
615 2692 776 2770 Varronis
818 2691 927 2757 verbis
964 2688 1223 2782 segregrandus.

143 2805 260 2889 lnodsi
284 2825 406 2898 poetae
427 2830 554 2874 nomen
575 2808 611 2871 in
638 2804 702 2871 illis
729 2804 915 2872 litterarum
935 2804 1098 2896 vestigiis,
1137 2826 1224 2896 quae

143 2923 327 3002 nntsucta
354 2918 421 3006 (vel
447 2921 558 3012 potius
575 2916 684 3002 ficet),
710 2917 821 2999 lateat,
854 2917 1026 2985 lubentius
1044 2920 1152 2983 ctiam
1179 2915 1224 2984 de

143 3036 288 3101 'suerio
318 3034 480 3128 cogitem,
520 3035 612 3101 cuius
638 3035 832 3100 Macrobius
859 3034 1054 3099 memoriam
1081 3033 1226 3099 servavit

143 3142 334 3228 iatum.'II,
373 3145 427 3215 14.
457 3151 510 3217 15.
537 3150 595 3228 Vl,
622 3154 651 3217 1.
679 3150 712 3216 5.
765 3150 814 3213 Ex
852 3148 1096 3239 antiquioribus
1137 3147 1224 3210 enim

143 3289 217 3331 nanc
243 3264 354 3355 poetis
376 3288 469 3343 esse,
503 3288 622 3356 parum
649 3261 746 3355 vulgo
783 3262 971 3356 cognitum,
1011 3248 1165 3354 neglecta
1190 3260 1226 3322 in

143 3378 219 3442 exitu
247 3377 488 3445 vocabulorum
511 3401 529 3444 s
555 3377 667 3445 littera
700 3380 808 3470 arguit
840 3378 880 3442 iis
918 3374 1100 3468 exemplis,
1139 3396 1225 3467 quaa

143 3492 235 3558 tabes
261 3493 297 3557 in
320 3494 522 3559 hexametris
537 3492 689 3559 versibus
716 3516 785 3559 non
811 3490 932 3560 leviter
959 3489 1148 3582 depravatis
1165 3488 1226 3554 Sa·

183 3781 206 3840 ’)
229 3770 402 3840 Satrianus
419 3785 460 3830 est
478 3779 506 3829 in
522 3774 716 3846 mythologicn,
733 3776 822 3828 vocari
844 3776 922 3827 etiam
943 3774 970 3825 in
981 3770 1157 3840 sipontinis
1178 3784 1237 3825 eos.

232 3861 292 3913 tica
308 3861 429 3915 Laitanai
448 3863 604 3916 ttonckarna
623 3868 733 3915 tuantur
750 3860 849 3929 niet,
869 3875 921 3913 non
932 3861 1062 3924 Βιιιιῑιιιιι,
1082 3872 1158 3927 mam
1169 3858 1226 3913 ior·

232 3952 383 4021 mam-‘cnm
403 3957 468 4017 ,vett
486 3949 545 4001 edd.
563 3948 697 4019 saurga,
717 3948 834 4012 Vossius,
852 3946 1006 4014 Rntgaraina
1023 3947 1080 3999 var.
1098 3944 1168 3998 Lect.
1181 3944 1226 4011 lv,

188 4072 194 4083 .
236 4035 275 4099 19,
286 4020 419 4089 rannerus
433 4036 564 4101 Brutus,
584 4036 739 4107 alittanant,
757 4036 851 4103 partim
869 4034 901 4085 da
920 4033 1011 4085 eodem
1030 4040 1118 4101 poeta,
1133 4033 1226 4100 param

236 4120 265 4173 ia
282 4122 394 4176 diversis
413 4125 567 4191 cogitantes.
593 4114 731 4175 Praeterea
749 4124 826 4173 ctiam
841 4122 942 4172 Sestias
960 4121 1110 4186 scripturam
1132 4121 1226 4170 Stare-

237 4223 316 4262 ιιιιιιι1
329 4211 413 4263 affert.
433 4244 468 4256 -
499 4211 621 4265 cetarum
645 4209 769 4263 barachia
789 4208 865 4277 Fulg.
894 4223 920 4274 p.
939 4208 974 4261 68
1003 4208 1106 4258 Satrius
1131 4191 1226 4259 noman

222 4290 385 4359 -aCasinae
405 4302 449 4365 nt,
469 4301 492 4363 1,
513 4293 546 4350 10
563 4299 649 4350 fictum
668 4298 788 4350 videtur:
810 4295 879 4364 qnod
899 4309 951 4347 non
971 4303 1012 4346 cat
1029 4291 1192 4345 incredibile.
1275 4328 1277 4332 -
