2872 4942
175 363 247 434 568
493 388 535 431 rx.
586 390 627 431 nr
657 387 950 438 ruresrouarroua

178 564 268 629 cioni
295 563 322 627 si
347 560 447 628 altera
478 562 561 629 haee
588 565 787 642 accesserit,
820 563 912 629 euius
947 587 1073 659 sarissa
1099 565 1265 644 ¹exauditus

177 679 284 745 cllossi
310 679 454 744 thesauri
480 680 627 759 sonitus,
665 678 708 745 de
735 680 893 746 thesauro
916 704 974 746 res
999 685 1119 750 omnis
1144 685 1267 776 patefiet

177 794 222 881 (v.
249 799 306 866 ⁰5
326 793 391 863 96:
418 797 568 863 sonitum
591 819 634 860 ne
661 796 717 861 ille
673 793 915 873 lexaudrat,
941 820 1002 921 ,⁷⁵⁶³
1030 802 1070 864 si·
1090 798 1191 869 simul
1213 799 1265 865 do-

176 928 244 976 tem
270 910 317 976 de
343 935 434 977 meo
460 909 546 976 dare
572 910 730 988 dixerim,
754 935 826 977 rem
844 914 953 1013 ipsc?
941 892 1162 1009 indaget).
1188 917 1265 1009 Ergo

173 1045 209 1092 ut
234 1026 277 1093 de
303 1027 457 1094 thesauro
482 1025 567 1093 nibil
591 1044 836 1118 permanserat,
860 1025 1022 1119 duplex
1010 1032 1127 1103 iniri
1118 1018 1192 1099 ria
1214 1057 1265 1126 po-

173 1160 248 1223 test,
270 1160 326 1208 aut
347 1162 384 1210 ut
409 1141 648 1227 altera,‚saltem
674 1143 1016 1241 suspicionisffausse
1047 1146 1209 1232 tollatur,'
1226 1173 1276 1228 1111Ι

172 1257 258 1325 duae
286 1256 383 1327 simul
410 1277 630 1337 concurrant,
656 1276 712 1327 aut
737 1277 774 1325 ut
798 1276 952 1353 utraque.
1005 1261 1056 1328 Et
1084 1263 1177 1333 hane
1200 1264 1264 1357 qui-

173 1373 251 1439 dem
275 1371 431 1441 Callicles
468 1372 597 1440 insistis
650 1375 712 1441 Cui
747 1372 799 1440 vel
833 1373 955 1441 fodere
988 1381 1167 1446 metuenti
1192 1405 1264 1446 cum

169 1489 409 1584 Megaronides
430 1489 708 1582 r'espondissen
699 1509 742 1557 1ta
758 1489 896 1582 quidem
910 1515 1016 1583 omn,
1033 1493 1262 1590 depromendi

170 1608 241 1672 artri
268 1606 444 1672 eonsilium
467 1607 601 1673 omnino
639 1605 867 1673 abiiciendum
895 1631 990 1689 esse,
1031 1588 1205 1699 billicha
1227 1639 1262 1679 na

170 1746 253 1814 opus
280 1721 418 1814 quidem
445 1748 517 1788 esse
545 1723 590 1791 eit
614 1721 775 1855 lllipl
725 1739 762 1793 ut
788 1723 945 1821 continuo
973 1724 1056 1793 fiat:
1087 1694 1260 1823 pomar-
1294 1806 1296 1811 Ι

171 1855 307 1931 gentum
334 1839 495 1930 tantisper
516 1857 666 1927 mutuum
692 1839 786 1917 sumi,
808 1857 945 1930 reperta
969 1860 1091 1913 autem
1118 1844 1260 1913 fodiendi

171 1955 428 2071 opportunitate
446 1973 524 2047 post
548 1952 729 2047 aliquando
757 1953 865 2023 reddi.
930 1957 1098 2027 Mutuum
1127 1988 1150 2029 e
1236 1963 1258 2029 si

171 2070 329 2148 sumitur,
367 2044 446 2136 hltie
473 2087 581 2137 autem
606 2072 770 2162 virginem
793 2069 938 2136 dotatam
966 2097 1048 2143 esse
1077 2095 1113 2144 et
1138 2079 1255 2145 Lesbo·

170 2185 247 2251 nico
273 2187 416 2253 innotuit
442 2205 475 2257 et
500 2188 586 2252 inter
613 2188 701 2253 cives
716 2186 944 2278 percrebruit,
969 2189 1079 2261 simul
1096 2217 1254 2259 commen-

168 2302 264 2368 ticiae
290 2303 503 2394 benignitatis
528 2304 753 2394 suspicionem
771 2326 872 2369 senex
892 2327 961 2369 ase
987 2311 1170 2375 amoverit.
1194 2311 1251 2376 Neo

171 2435 220 2483 est
247 2442 305 2483 cur
333 2417 398 2484 hoe
425 2416 563 2509 quidem
592 2415 767 2483 consilium
791 2442 857 2508 per
881 2441 916 2483 se
943 2419 1170 2513 imprdbetur
1189 2424 1248 2490 ble-¹

169 2531 339 2621 garouidi:
366 2557 468 2596 unum
487 2532 552 2599 hoc
572 2550 678 2624 negat,
706 2530 872 2597 creditum
888 2532 931 2600 iri
953 2538 1152 2625 pecuniam.
1174 2539 1244 2629 Ergo

167 3339 201 3408 in
229 3337 313 3405 hane
338 3357 469 3432 partem
495 3341 701 3433 apertissime
728 3339 784 3404 illa
807 3339 926 3420 valent,
952 3369 981 3408 v.
1010 3343 1061 3411 54
1075 3368 1168 3438 511οῃ

512 3457 586 3535 hoc,
611 3456 669 3521 ubi
693 3456 889 3523 thesaurum
915 3456 1098 3546 effoderis,

266 3571 499 3662 Suspicionem
526 3571 571 3638 ab
594 3572 814 3645 adulescente
836 3578 1015 3642 amoveris.

164 3689 369 3770 Quibuscum
395 3715 443 3754 vv.
471 3688 617 3760 69-v76
645 3687 884 3757 contendendi.
911 3728 961 3752 -ψ
994 3693 1125 3757 Tantae
1152 3688 1223 3782 igitur
1290 3700 1296 3706 “

165 3801 260 3869 molis
290 3824 368 3882 erat,
396 3832 413 3869 a
439 3805 613 3870 temeraria
639 3807 829 3896 suspicione
855 3807 1150 3875 innocentissimos
1171 3824 1222 3870 ver·

166 3943 219 3984 sus
242 3921 389 3990 28-33
417 3920 625 3999 defendere,
665 3947 807 4013 quorum
834 3923 862 3987 si
886 3921 1004 4012 paullo
1033 3921 1221 3992 reconditior,
1293 3968 1296 3987 1

164 4050 197 4097 at
219 4033 337 4101 eadem
365 4038 537 4104 sanissima
559 4037 643 4103 ratio
670 4055 727 4102 est.
789 4039 920 4121 Quibus
953 4039 1098 4132 quidem
1122 4030 1219 4107 omisis

160 4151 380 4244 versibusque
408 4156 454 4221 27
483 4171 516 4218 et
541 4150 588 4222 34
620 4155 817 4219 continuatis
856 4155 982 4245 ecquid
1015 4160 1149 4223 omnino
1170 4145 1217 4218 saul
1291 4192 1296 4226 ς

161 4265 313 4333 relictum
342 4268 409 4347 est,
437 4295 502 4335 nee
526 4268 740 4362 balbutie-ntis
758 4274 869 4361 potius
893 4273 1028 4362 pueruli
1058 4273 1163 4340 similis
1182 4290 1215 4328 5³·

161 4381 383 4471 pientissimus
409 4403 508 4479 pocta
537 4387 670 4453 existit?
714 4389 803 4482 Ergo
826 4390 889 4456 sibi
912 4393 1027 4482 potius
1053 4394 1116 4463 hoc
1137 4383 1217 4456 laudis
1288 4406 1296 4441 t
