2872 4942
280 368 352 410 nrt
733 365 924 411 ruturl‘t'to.

281 542 392 608 verbis
419 541 513 610 effeci
540 559 649 607 annot.
674 572 704 634 p.
725 557 787 614 312
808 567 858 633 sq.
882 539 1006 619 allatis,
1040 537 1161 606 eodem
1185 543 1281 607 etiam
1308 540 1373 607 ali-

283 666 378 706 orum
404 641 507 708 verba
533 639 585 704 vel
612 658 729 732 aperte
755 657 905 733 spectant
930 638 984 706 vel
1011 638 1186 706 commode
1211 643 1371 706 νιιιίιιιιι-

280 755 350 804 tur:
376 737 443 816 τὴν
463 734 609 826 πομπὴν
636 735 699 806 καὶ
724 736 792 817 τὰς
809 737 896 815 θέας
919 728 1023 814 αὖθις
1048 730 1128 818 ἐξ’
1110 740 1223 830 αρχῆς
1246 733 1373 805 ἐπετέ-

277 835 368 904 λουν
393 836 582 920 Plutarchi,
619 844 688 906 nisi
722 837 905 930 magnifice
933 843 1214 904 instaurarentur
1239 856 1272 905 et
1296 837 1374 904 ludi

279 950 380 1029 quom
405 937 602 1029 amplissimi
625 955 662 1004 ut
665 938 801 1029 fierent
826 937 928 1020 Livii,
953 958 1040 1033 quae
1065 961 1119 1003 res
1145 941 1214 1003 nisi
1227 952 1372 1004 attenta

281 1035 438 1102 ludorum
465 1041 719 1105 instauratione
739 1041 938 1129 expiaretur
949 1006 1094 1120 Valent,
1118 1053 1259 1101 senatus
1283 1061 1372 1130 qua-

282 1134 475 1228 druplicotu
499 1141 652 1225 pecunia
673 1137 771 1202 ludos
802 1139 932 1201 censuit
965 1139 1158 1201 instaurari
1182 1130 1371 1227 Augustini,

176 1246 181 1255 ’
280 1233 489 1326 duplicata
480 1259 506 1298 rs
534 1237 670 1326 quidem
697 1262 735 1303 ea
764 1235 909 1328 pecunia
934 1259 1020 1326 quae
1049 1251 1098 1300 est
1122 1234 1212 1326 apud
1239 1235 1371 1326 Diony-

280 1334 373 1399 sium.
410 1334 436 1397 E
459 1335 579 1427 quibus
606 1336 758 1402 omnibus
783 1356 996 1424 consequens
1019 1356 1090 1401 esse
1115 1333 1182 1400 hoc
1203 1331 1368 1412 volumus,

277 1431 430 1499 utnulla
460 1431 547 1499 tides
582 1433 744 1500 habeatur
773 1432 940 1498 Macrobii
965 1433 1161 1513 memoriae,
1200 1458 1298 1523 quam
1324 1454 1369 1499 ex

277 1532 438 1598 Varronis
461 1528 720 1646 Antiquitatibus
746 1529 966 1645 repetendam
993 1556 1066 1596 esse
1092 1529 1274 1597 Merkelius
1301 1531 1370 1602 sibi

279 1632 462 1744 persuasit,
496 1633 685 1697 coniectura
710 1649 747 1696 ut
772 1631 894 1721 opinor
919 1631 1054 1695 minime
1079 1628 1257 1722 probabili.
1307 1629 1368 1697 Sic

281 1730 370 1794 cuim
401 1728 474 1794 ille:
509 1754 554 1795 ex
585 1746 727 1795 senatus
751 1732 865 1820 itaque
889 1729 1043 1794 consulto
1066 1745 1100 1794 et
1121 1732 1260 1796 Maeuia
1286 1728 1367 1818 lege

281 1826 340 1914 (de
366 1854 431 1920 qua
457 1852 524 1894 non
548 1828 656 1894 habeo
684 1826 777 1922 quod
804 1824 927 1912 dicam)
952 1826 1001 1892 ad
1021 1827 1277 1944 propitiandum
1302 1830 1369 1895 Io-

282 1951 353 1991 vcm
377 1925 516 1993 additus
540 1944 592 1993 est
614 1928 679 1994 illis
702 1925 907 1993 circensibus
932 1925 1044 2003 dies
1031 1940 1092 2003 ts,
1106 1931 1166 2019 qui
1188 1931 1366 1993 instaura-

278 2007 379 2091 ricius
403 2025 515 2092 dictus
541 2042 612 2101 est,
647 2050 719 2093 non
742 2049 764 2088 a
792 2024 983 2117 patibulo‚.
1002 2043 1040 2091 ut
1065 2025 1203 2117 quidum
1225 2043 1368 2117 putant,

200 2124 203 2129 ’
281 2125 418 2193 Graeco
447 2129 585 2190 nomine
611 2121 685 2191 ἀπὸ
709 2125 776 2190 τοῦ
802 2125 975 2218 σταυροῦ,
1007 2125 1069 2190 scd
1098 2149 1121 2189 a
1146 2124 1369 2216 redintegra-

280 2229 389 2301 tione,
425 2241 463 2297 ιιι
488 2227 645 2295 Varroni
690 2223 799 2299 lacet,
833 2227 892 2314 qui
916 2228 1111 2289 instaurare
1137 2228 1188 2290 ait
1213 2249 1293 2290 esse·
1311 2229 1368 2289 in-

280 2341 356 2390 star
388 2348 529 2390 nouare.
579 2250 708 2389 Horiin
746 2349 765 2389 e
800 2323 954 2389 Varrone
989 2323 1072 2389 nibil
1104 2341 1269 2437 sumptum
1298 2323 1366 2389 nisi

282 2448 345 2488 unu
371 2427 566 2490 instaurare
590 2424 683 2489 verbi
711 2422 893 2513 originatio,
921 2438 954 2488 et
980 2421 1030 2487 fot
1022 2440 1115 2488 tasse
1137 2422 1207 2488 diei
1228 2425 1362 2488 instau-

280 2525 396 2587 raticii
419 2527 555 2594 mentio.
594 2523 645 2587 De
672 2523 735 2587 ltoc
761 2521 916 2613 legerat
898 2522 1107 2587 blauobtus
1100 2519 1288 2615 ,'legerat
1279 2537 1360 2584 rtem

280 2618 354 2684 «le
345 2625 532 2687 instauratis
558 2640 698 2713 propter
723 2621 825 2685 Atinii
851 2614 928 2701 (heic
961 2622 1050 2686 enim
1082 2645 1204 2687 nomen
1229 2618 1362 2685 restitu-

281 2718 405 2784 endum
436 2745 499 2810 pro
525 2717 696 2805 Annio)
688 2720 888 2785 1nsomuium
912 2718 1051 2784 ludis
1023 2721 1244 2785 circensibus:
1280 2717 1364 2783 utri-

278 2842 385 2934 usque
415 2818 515 2931 igitur
546 2820 596 2883 rei
629 2819 787 2883 memoria
813 2835 938 2883 temere
966 2818 1100 2884 confusa
1132 2842 1235 2883 unum
1272 2815 1364 2881 diem

279 2917 539 2987 instauratieium
565 2917 767 2982 circensibus
793 2915 858 2980 illis
884 2913 1032 2981 additum
1055 2919 1260 3008 scripsit-
1212 2915 1363 3006 -Vno

279 3013 434 3125 exemplo
459 3016 659 3093 monstravi,
692 3040 790 3105 quam
825 3038 894 3080 non
932 3031 1056 3082 temere
1084 3014 1226 3082 dixerim
1251 3044 1280 3104 p.
1300 3003 1365 3085 290

276 3139 344 3180 non
383 3140 488 3206 pauca
526 3131 653 3179 restare
688 3114 723 3176 in
761 3113 826 3179 hoc
856 3138 994 3205 genere,
1035 3113 1127 3206 quod
1157 3113 1201 3179 ad
1230 3113 1360 3179 ludos

275 3213 442 3279 votivos
475 3231 618 3306 spectat,
649 3213 830 3284 accuratius
865 3238 964 3304 quam
987 3210 1096 3280 adhuc
1122 3213 1242 3279 factum
1273 3230 1363 3279 esset

276 3310 467 3387 definienda
515 3329 548 3377 et
588 3337 663 3379 cum
704 3311 814 3376 fiuctu
850 3313 985 3376 uberius
1025 3311 1231 3403 explicanda.
1288 3309 1363 3377 Sed

274 3409 317 3476 ad
343 3436 415 3475 tem
442 3411 606 3478 scenicam
628 3413 828 3504 Musamque
855 3410 1036 3528 Plautinum
1066 3412 1149 3478 hacc
1172 3408 1254 3476 nihil
1280 3421 1363 3501 pcr-

274 3510 388 3576 tinent

372 3618 405 3680 P
417 3623 491 3688 317,
516 3608 573 3673 ubi
600 3606 656 3675 de
670 3606 866 3675 incredibili
889 3556 1183 3673 instauramli
1208 3623 1241 3672 et
1264 3605 1363 3696 cupi-

274 3704 377 3773 ditate
403 3725 435 3774 et
449 3707 636 3799 sreqti'entia
654 3707 864 3798 minimisque
891 3706 935 3773 de
951 3705 1071 3772 caussis
1084 3705 1202 3772 facta
1193 3721 1364 3770 rustau

272 3807 443 3873 ratione
474 3805 560 3886 dixi,
595 3825 747 3897 poteram
774 3831 846 3870 eam
880 3807 1009 3869 iurem
1035 3805 1183 3896 ipsorum
1210 3808 1366 3871 veterum

272 3907 468 3972 testimoniis
495 3907 550 3972 uti.
591 3905 693 3973 Velut
717 3903 887 3970 Plutarchi
912 3905 965 3968 vit.
990 3902 1116 3970 Coliol.
1143 3929 1170 3970 c.
1198 3905 1262 3970 25.
1288 3899 1361 3965 Sv-

272 4023 357 4079 σιας
387 3995 427 4071 δὲ
463 4001 525 4070 καὶ
560 4000 706 4091 πομπὰς
736 4025 798 4066 και
832 3998 923 4076 Siue
954 4023 997 4065 ov
1029 3997 1192 4089 μονονι
1178 3993 1365 4117 ἐξαὶτίιις

273 4099 505 4188 τηλικαύτης,
529 4096 707 4167 ἀλλὰκαὶ
732 4092 795 4165 διὰ
818 4097 944 4189 μικρὰς
959 4096 1142 4188 Ῥωμαιοις
1154 4090 1272 4177 ιαος
1256 4095 1365 4167 εστὶν

270 4191 596 4292 ἀναλαμβάνεινᾸ
582 4218 695 4265 cunno
719 4221 760 4264 τε
782 4198 849 4289 γὰρ
891 4195 967 4276 ἑνὸς
992 4202 1064 4267 τῶν
1097 4195 1259 4289 ἀγόντων
1292 4197 1363 4275 τὰς

268 4295 493 4388 καλουμένας
514 4297 661 4377 θήσσας
686 4296 935 4377 ἀτονήσαντος
961 4295 1023 4365 καὶ
1050 4296 1162 4366 πάλιν
1187 4298 1255 4365 τοῦ
1281 4296 1363 4375 ἡνι-
