2872 4942
83 392 89 409 .-
164 318 244 415 ιῃῦ
550 368 607 411 vtt.
642 368 683 409 It!
707 367 824 411 atteri

161 538 222 611 46.
249 538 322 626 52).
385 539 455 608 Sed
481 560 593 608 tamen
615 541 737 622 habeo,
764 565 825 608 our
849 541 958 632 aptius
984 542 1084 609 etiam
1108 542 1145 609 in
1168 569 1241 636 pro·

130 693 132 698 ·
163 658 250 722 xima
284 672 433 748 tempora
472 659 653 724 convenire
688 655 797 722 Plauti
826 655 927 722 verba
961 672 1087 748 putem.
1149 659 1243 725 Missa

163 773 250 836 enim
283 773 330 838 M.
355 770 462 838 Fulvii
493 770 676 839 Nobilioris
708 771 859 838 ovatione
895 770 980 857 (Liv.
1007 772 1171 855 XXXVI,
1195 776 1246 842 21.

163 884 245 971 39),
278 885 322 953 de
359 888 446 954 Boiis
474 886 578 955 Gallis
604 914 634 955 a.
660 884 734 955 562
772 887 978 978 triumphum
1005 890 1074 980 egit
1097 891 1137 955 P.
1164 888 1246 956 Cor-

162 1000 271 1068 nelius
293 1001 406 1095 Scipio
432 1003 573 1081 Nasica,
599 1029 627 1068 a.
650 1001 722 1070 663
746 1000 789 1068 de
815 1000 945 1069 Aetolis
970 1023 1004 1069 et
1026 1028 1109 1096 rege
1136 1005 1250 1072 Antio·

125 1139 133 1152 ¹
165 1117 228 1184 cho
262 1117 318 1183 Μ’.
353 1117 478 1184 Acilius
510 1116 650 1185 Glabrio
687 1117 770 1202 (Liv.
797 1118 955 1198 XXXVI,
978 1114 1037 1187 AO.
1073 1119 1249 1198 XXXVII,

163 1229 247 1319 46);
288 1234 459 1326 proximus
486 1251 592 1298 autem
620 1258 725 1299 annus
749 1252 927 1326 quaternos
953 1234 1147 1326 triumphos
1172 1234 1250 1301 vidit

164 1352 200 1414 L.
227 1348 376 1415 Cornelii
414 1347 580 1440 Scipionis
613 1350 765 1427 Asiatici,
799 1347 1036 1450 navalemque·
1053 1351 1089 1415 L.
1116 1349 1250 1416 Aemilii

163 1440 352 1577 Regfflilde
376 1489 460 1557 rege
478 1463 656 1541 Antiocho,
684 1465 725 1546 Q.
738 1464 834 1530 Fabii
857 1464 1022 1531 Labeonis
1049 1467 1135 1531 item
1154 1490 1250 1531 nava-

161 1577 230 1646 lem
258 1526 314 1644 a?
325 1579 427 1646 Creta
450 1578 533 1665 (Liv.
556 1580 731 1659 XXXVII,
746 1578 802 1650 59.
818 1581 874 1649 58.
888 1582 966 1662 60),
993 1598 1025 1645 et
1049 1581 1087 1647 L.
1120 1580 1251 1647 Aemilii

163 1692 269 1760 Paulli
296 1720 336 1760 ex
361 1695 521 1787 Hispania
554 1693 710 1761 ulteriore
749 1691 883 1786 (Vellei.
908 1698 1037 1762 Paterc.
1065 1696 1090 1775 I,
1119 1697 1145 1766 9
1177 1696 1251 1775 coll.

164 1810 278 1903 Sigon.
302 1828 480 1878 comment.
502 1812 537 1876 in
559 1812 645 1877 Fast.
672 1837 707 1903 p.
734 1808 839 1894 3¹6),
866 1835 950 1903 quos
978 1834 1044 1877 uno
1071 1812 1249 1878 interiecto

163 1950 249 1994 anno
272 1927 376 1994 secuti
401 1943 477 1992 sunt
501 1953 527 1992 a.
551 1924 622 1994 566
648 1928 694 1992 Μ.
719 1924 828 1992 Fulvii
854 1925 1036 1994 Nobilioris
1064 1925 1110 1993 de
1124 1927 1250 1995 Aetolis

166 2039 264 2107 etde
292 2040 531 2134 Cephallenia,
565 2059 600 2107 et
632 2042 693 2108 Cn.
727 2039 847 2107 Manlii
877 2039 1036 2108 Vulsonis
1070 2039 1116 2107 de
1148 2041 1249 2109 Gallis

165 2157 316 2225 Asiaticis
351 2159 510 2250 triumphi
553 2158 636 2243 (Liv.
663 2158 822 2237 XXXIX,
845 2158 878 2224 5.
905 2155 961 2242 6),
996 2157 1109 2225 nullos
1145 2177 1251 2224 autem

167 2274 326 2366 proximis
352 2275 446 2342 annis
468 2273 511 2340 ad
536 2291 678 2341 mortem
700 2271 818 2345 Plauti.
871 2274 981 2340 Habes
1001 2271 1249 2340 multitudinem

168 2391 244 2453 satis
269 2405 306 2454 nt
328 2387 460 2457 videtur
484 2367 652 2469 idoneam,
678 2412 737 2456 cur
754 2386 970 2481 pervulgatus
995 2386 1249 2454 diceretnrmos

165 2503 415 2596 triumphandi3
448 2502 599 2572 nondum
630 2505 735 2570 babes
760 2505 944 2585 rationem,
974 2529 1034 2569 cur
1063 2505 1098 2569 in
1127 2528 1247 2570 summa

166 2616 355 2710 frequentia
380 2617 619 2711 amplissimum
646 2620 808 2686 honorem
822 2643 940 2710 parum
955 2643 992 2684 se
1009 2642 1129 2684 curare
1146 2619 1249 2710 Chry·

167 2733 254 2800 salus
283 2732 404 2801 dixisse
431 2734 590 2802 videatur.
654 2736 721 2800 Etsi
755 2736 855 2828 igitur
887 2736 951 2799 iam
973 2735 1163 2802 Minucium
1188 2736 1247 2799 Ru·

42 2893 45 2905 ·
169 2849 236 2915 fum
260 2875 326 2916 non
354 2851 428 2916 satis
455 2850 681 2944 triumphandi
719 2852 847 2917 honore
875 2847 1011 2942 dignum
1037 2851 1183 2915 tribunis
1206 2851 1247 2914 vi·

170 2990 241 3030 sum
266 2966 377 3032 Livius
401 2985 583 3046 memorat,
629 2968 690 3032 etsi
718 2965 862 3033 eundem
890 2966 1050 3032 honorem
1087 2989 1157 3032 non
1183 2967 1244 3031 sinc

169 3080 281 3173 aliqu!
304 3083 427 3148 tribuni
452 3084 688 3150 intercessione
715 3099 784 3147 tum
799 3082 993 3172 Scipionem
1015 3080 1171 3148 Nasicam
1189 3083 1242 3145 im·

170 3214 317 3286 petresse
351 3213 419 3262 tum
453 3196 605 3264 Fulvium
639 3195 848 3264 Nobiliorem
874 3214 985 3262 narrat
1013 3195 1172 3275 XXXVI,
1196 3191 1242 3261 39.

171 3312 328 3390 XXXIX,
354 3309 394 3379 A:
429 3331 539 3379 tamen
566 3313 648 3378 haec
674 3311 758 3376 levia
784 3311 917 3378 fuerunt
942 3335 1005 3395 nec
1030 3306 1241 3402 comparanda

171 3453 246 3493 cnm
272 3428 439 3495 acerrimis
463 3428 708 3505 certaminibus,
735 3428 855 3520 quibus
881 3427 1151 3517 pervicacissima
1175 3449 1243 3492 con·

170 3542 402 3633 tradicentium
428 3543 642 3636 repugnantia
669 3541 859 3632 superanda
886 3539 1012 3607 lllanlio
1036 3541 1191 3620 Vulsoni,
1212 3558 1242 3602 ae

169 3656 273 3724 multo
312 3660 407 3722 etiam
436 3661 538 3751 magis
569 3658 673 3723 Fabio
709 3657 857 3723 Labeoni
896 3655 966 3722 fuit.
1035 3659 1087 3724 Ac
1120 3655 1163 3722 de
1192 3652 1241 3721 Cn}

172 3773 298 3841 Manlio
327 3799 411 3865 quae
436 3774 550 3840 Livius
576 3773 767 3850 XXXVIII,
792 3771 938 3841 tlt-50
970 3775 1151 3838 memoriae
1177 3792 1244 3864 pro·

173 3888 276 3968 didit,
312 3889 436 3956 faciunt
471 3908 505 3956 ut
530 3915 653 3980 anceps
681 3891 722 3954 sit
747 3886 925 3971 iudicium,
963 3887 1024 3953 sed
1053 3891 1093 3970 Q.
1122 3885 1244 3981 quiden

173 4005 276 4072 Fabio
303 4008 473 4072 neminem
509 4031 651 4096 unquam
684 4003 907 4096 indigniorem
940 4006 982 4068 ad
1009 4005 1173 4097 triumphi
1197 4002 1246 4066 ho·

174 4144 291 4186 norem
317 4147 505 4201 accessisse,
532 4122 608 4186 satis
634 4138 750 4212 aperte
779 4121 819 4183 ab
849 4121 967 4184 eodem
986 4118 1191 4215 declaratum
1208 4131 1247 4183 est

175 4235 344 4312 XXXVII,
366 4235 413 4305 60
447 4256 478 4302 et
510 4233 700 4312 XXXVIII,
727 4238 786 4302 47.
857 4235 989 4326 Quippe
1025 4237 1248 4328 triumphavit,

176 4371 273 4437 quern
315 4373 385 4416 non
423 4350 544 4417 bellum
585 4354 746 4416 iniustam
781 4353 952 4440 gessisse,
995 4348 1059 4414 sed
1094 4351 1254 4418 hostem
