2872 4942
175 344 247 417 556
488 371 545 445 ¹¹2
583 371 626 412 nc
653 374 940 420 rrrenrouarroue
962 386 977 419 ι

174 546 319 643 accedit!
346 571 386 614 eo
413 549 589 615 certiorem
616 548 720 614 habet
745 546 929 615 secundum
952 545 1064 640 legem
1093 545 1185 612 illam
1207 545 1251 611 di.

173 663 282 729 vinam
303 688 401 789 qpem
435 663 567 743 salutis,
607 684 719 732 tamen
746 682 1012 732 consentaneum
1039 681 1094 728 cst
1118 662 1251 755 aliquam

175 776 315 845 deorum
341 777 512 845 lenitatem
539 781 635 845 etiam
662 779 702 845 ad
733 804 808 846 eum
835 779 1021 871 pertinere,
1049 781 1109 870 qui
1131 779 1175 842 ab
1200 777 1252 843 hac

175 892 375 960 condicione
403 892 516 986 aliquo
543 893 716 962 intervallo
744 895 868 961 distans
894 917 962 960 non
990 911 1102 959 tamen
1118 891 1209 960 illico
1225 894 1252 956 io

174 1007 279 1098 ipsam
307 1010 505 1076 contrariam
533 1029 664 1101 partem
692 1011 791 1076 venit.
826 1011 868 1074 Et
892 1007 928 1072 id
955 1008 1099 1100 quidem
1125 1030 1253 1099 prorsus
1291 1000 1296 1025 ⁴

174 1121 296 1189 cadere
323 1124 355 1189 in
377 1123 565 1191 Charmidis
587 1151 767 1217 personam
788 1141 939 1218 apparet,
961 1123 1140 1189 honestum
1160 1123 1252 1190 civem

175 1254 209 1303 et
232 1236 456 1318 industrium,
490 1264 558 1306 uon
591 1258 762 1308 carentem
799 1239 911 1332 aliquo
936 1238 1100 1331 peculio,
1135 1237 1197 1304 scd
1219 1237 1253 1301 ab

176 1351 347 1445 opulentia
370 1374 403 1421 et
423 1354 594 1446 ‘dignitatis
622 1355 807 1448 splendore
834 1357 910 1420 satis
926 1373 1106 1433 remotum,
1133 1377 1253 1444 suoque

177 1467 296 1536 labore
323 1471 375 1536 rei
399 1470 568 1537 familiaris
595 1474 838 1539 incrementum
853 1468 991 1566 aliquot}
1017 1495 1089 1535 non
1111 1470 1185 1536 sinc
1207 1494 1254 1533 ae-

177 1585 303 1650 rumnis
329 1604 559 1679 quaerentem.

298 1701 313 1765 Ι
338 1727 428 1769 nunc
455 1720 489 1768 et
512 1702 782 1793 loculentissimis
808 1702 961 1768 versibus
991 1702 1138 1767 10-‘20
1164 1722 1255 1790 prae-

115 1892 118 1897 ,
178 1815 300 1882 claram
336 1842 471 1884 scenam
507 1817 711 1884 decurtatam
753 1819 787 1883 in
823 1816 982 1883 undecim
1020 1815 1257 1881 versiculorum

177 1933 323 1998 ieiunam
362 1932 539 1999 exilitatem
574 1933 712 2026 redige3
750 1930 1000 2025 languidissimo
1028 1932 1120 1996 exitu
1147 1930 1259 2024 gratia-

177 2072 252 2112 rum
285 2049 547 2117 testificationem
583 2048 818 2115 Charmideam
856 2049 921 2115 hoc
959 2047 1122 2112 termina:
1154 2045 1260 2138 Atque

181 2180 275 2228 tuam
299 2165 390 2230 hane
414 2165 506 2258 apud
526 2167 681 2231 lancinet
706 2165 854 2256 gloriam
877 2162 1016 2229 auribus
1031 2166 1102 2227 iam
1128 2184 1260 2254 aecepe-

180 2304 255 2344 ram
282 2297 384 2366 ante3
413 2282 501 2347 ·hinc
536 2300 647 2348 autem
680 2283 869 2372 asperrimo
900 2279 1082 2345 sententiae
1106 2277 1201 2342 hiatu
1224 2272 1258 2340 ad

180 2395 235 2462 illa
259 2400 378 2463 transi:
403 2397 474 2466 Sed
497 2402 572 2490 quis
589 2398 645 2462 laic
666 2414 717 2463 est
739 2401 798 2487 qui
818 2400 855 2461 in
874 2395 1025 2486 plateam
1049 2389 1259 2484 ingreditur?

181 2512 331 2605 denique
367 2515 491 2580 bonurn
528 2500 659 2606 'poetam
693 2511 779 2578 adeo
806 2512 856 2578 sae
883 2510 1102 2588 delirantem,
1143 2528 1179 2574 ut
1203 2529 1258 2572 uno

171 2647 299 2705 ,tenore
328 2632 385 2696 has
411 2633 553 2697 sociasse
581 2629 760 2695 sententias
777 2614 955 2747 'datum
989 2648 1108 2691 omncs
1134 2642 1170 2689 te
1195 2647 1259 2689 cru·

182 2743 291 2811 delem
316 2764 526 2838 queruntur5
554 2770 618 2836 ego
644 2745 844 2810 elementem
870 2759 1031 2833 coopertus
1048 2766 1139 2809 sum:
1169 2757 1258 2831 atque

184 2842 287 2926 talem
310 2879 343 2926 te
366 2862 566 2953 praedicari
584 2866 679 2952 prius
707 2881 947 2948 cognoveram.

702 3131 760 3193 111.

284 3311 398 3402 Longe
433 3310 621 3400 graviorem
658 3302 924 3394 interpolationis
951 3299 1103 3392 speciem
1129 3295 1184 3361 illa
1210 3294 1256 3358 ha·

185 3428 275 3505 bent,
301 3450 385 3516 quae
412 3425 445 3488 iu
474 3408 539 3488 fine
567 3447 688 3487 scenae
710 3436 844 3511 quartae
873 3416 973 3508 (quae
1001 3413 1072 3479 aliis
1102 3430 1153 3479 est
1177 3410 1259 3503 quiu-

185 3539 232 3626 ta)
261 3559 353 3607 actus
379 3539 426 3606 IV
452 3537 625 3629 leguntur,
653 3537 700 3601 sie
727 3533 902 3601 constituta
929 3532 969 3596 ab
996 3530 1209 3619 Hfflnanno:

283 3673 352 3739 Hic
378 3694 452 3736 meo
477 3670 559 3734 laero
586 3672 713 3733 amicus
737 3665 828 3731 saltas
842 3663 970 3754 firmus
996 3644 1151 3735 restititi

285 3790 404 3880 Neque
430 3785 619 3851 demutavit
645 3787 794 3848 animum
820 3778 864 3843 de
877 3778 990 3869 firma
1000 3775 1093 3868 fide.

212 3909 260 3979 20
283 3902 356 3970 Sed
377 3904 558 3996 hie'unus,
585 3915 622 3965 ut
649 3921 714 3989 ego
741 3900 909 3987 strapieor,
931 3910 1048 3958 servat
1071 3890 1185 3970 fidem.

291 4020 497 4110 Quanquam
523 4008 656 4080 labores
683 4011 805 4077 multos
832 4008 876 4075 ob
900 4033 971 4074 rem
997 4007 1074 4072 lieri
1097 4011 1166 4071 urei

287 4135 333 4200 Et
359 4133 502 4199 liberum
528 4135 599 4195 eius
626 4154 701 4193 eum
727 4149 792 4217 ego
820 4129 947 4218 cepisse
970 4146 1105 4188 censeo.

194 4253 291 4316 ltliuo
319 4275 407 4315 nune
435 4271 611 4340 quaerere,
637 4246 670 4308 in
697 4241 859 4308 librorum
887 4240 1082 4305 memoriam
1098 4239 1182 4305 haec
1199 4257 1263 4301 ncc-

193 4389 235 4430 ne
264 4366 475 4431 conveniant:
513 4361 555 4428 de
589 4359 657 4427 sola
690 4358 853 4424 sententia
882 4378 1028 4446 quaero,
1064 4379 1164 4444 quam
1190 4364 1266 4416 recte
