2776 4942
157 336 205 414 42
389 367 407 404 ι.
436 366 476 405 nn
505 364 622 406 natvm
651 367 777 408 noema
805 366 996 412 aouimavs.

154 539 257 603 vimus
273 537 431 612 ablativos
447 537 561 609 Saena
574 537 721 608 deserta,
756 537 865 610 Futile
895 556 944 606 est
961 536 1127 605 editorum
1151 562 1248 606 com·

153 671 300 724 mentum
323 653 403 719 utne
428 679 490 744 pro
518 653 599 718 (lein
622 635 877 746 eorrigentium3
914 653 1018 719 multo
1056 671 1165 741 autem
1192 656 1247 721 suff

152 769 242 834 tilior
264 769 396 860 Meyeri
415 769 553 845 AnthoL
580 769 635 835 lat.
663 770 708 844 Il,
738 776 753 836 1
782 795 816 861 p,
848 773 892 842 12
919 771 1084 835 excusatio
1112 768 1246 860 produ-

152 902 222 949 ctae
249 883 380 952 ultimae
408 883 554 976 syllabae
581 883 720 955 deserta
745 885 852 963 vocis,
889 901 925 954 ut
950 885 984 949 in
1021 885 1083 954 arsi
1112 882 1246 952 seilicet

75 1082 78 1087 ἱ
152 1000 277 1090 positae
317 1016 349 1062 et
380 1017 453 1069 anto
482 1002 643 1066 maiorem
677 1001 989 1092 interpunctionem.
1042 999 1106 1082 Qui
1145 997 1245 1091 quod

151 1116 249 1180 metri
286 1116 399 1180 vitium
426 1115 563 1201 (vitium
588 1119 688 1209 igitur
713 1119 785 1208 ipse
814 1113 978 1199 credidit)
1010 1139 1079 1182 non
1112 1115 1244 1182 codici-

149 1232 223 1309 bu5‚
251 1231 312 1295 sed
338 1251 457 1322 poetae
479 1232 694 1300 tribuendum
722 1250 902 1324 propterea
927 1249 1031 1323 putat,
1057 1229 1150 1324 quod
1175 1231 1245 1322 ipsi

151 1345 259 1412 Gellio
288 1349 373 1421 mule
398 1353 642 1417 concinnatum
668 1349 868 1440 epigramma
900 1349 1005 1414 visum
1031 1348 1092 1428 sit,
1127 1345 1243 1422 intulit

147 1462 183 1525 in
218 1461 319 1526 Gellii
353 1464 456 1534 verba
490 1462 583 1556 quod
611 1464 745 1528 minime
785 1463 880 1536 inest.
932 1465 1101 1534 Numeros
1127 1478 1242 1535 autem

149 1581 346 1651 innumeros
370 1605 433 1650 nec
458 1580 599 1652 Turneh
690 1604 728 1644 eo
755 1579 899 1670 Thysius
926 1605 988 1644 nec
1014 1576 1145 1649 Tollius
1172 1602 1240 1649 nno

149 1693 390 1768 Wakefieldius
413 1715 505 1770 aecta
530 1596 855 1801 auntmrpretatm
881 1694 963 1764 'nihil
990 1695 1053 1762 nisi
1078 1714 1241 1761 numeros·

149 1835 223 1881 rum
249 1811 281 1880 h.
310 1837 338 1887 e,
366 1837 522 1888 versuum
548 1794 798 1901 metiorumque
825 1811 1017 1881 varietas
1052 1825 1241 1900 spectatura

150 1949 235 2016 quae
264 1942 385 2016 quanta
408 1927 449 1991 sit
475 1925 566 1999 volut
590 1951 664 2000 eum
686 1918 889 2000 Terentiana
904 1923 1114 2016 simplicitate
1142 1946 1241 1990 com-2

147 2055 292 2131 pa1·ata‚'
313 2043 482 2114 neminem
509 2043 604 2134 sugit.-
631 2077 675 2089 -
699 2044 784 2107 Vtoi·
804 2043 872 2108 ,hac
890 2034 1170 2132 opportunitate,
1203 2054 1241 2114 ut

146 2157 408 2224 Naevianum
447 2160 649 2273 epigramma
687 2155 843 2228 Plautinis
883 2156 1033 2223 versibus
1074 2154 1092 2224 a'
1123 2152 1240 2227 Gellio

145 2276 293 2344 iunctum
331 2274 520 2358 subiiciai'n,
558 2273 656 2366 quale
688 2274 723 2338 in
749 2272 876 2339 eisdem
909 2273 1041 2364 optimis
1074 2269 1172 2344 libris
1206 2287 1240 2343 et

145 2388 298 2482 plurimis
330 2389 402 2458 aliis
438 2391 600 2481 seriptum
628 2406 732 2454 exstat
758 2390 862 2463 iustae
891 2387 1088 2455 dubitationi
1114 2402 1242 2480 prope-

147 2504 285 2581 modum
308 2505 392 2577 nulli
420 2506 618 2572 obnoxium:
654 2505 748 2598 quod
783 2504 853 2571 sola
891 2503 1044 2574 codicum
1076 2505 1237 2597 ignoratio

148 2621 254 2688 effecit
280 2638 315 2684 ut
328 2620 512 2689 identidem
540 2621 648 2685 verbis
664 2622 871 2711 transpositis
891 2644 978 2690 nunc
1005 2619 1076 2685 leae
1096 2620 1240 2692 circum-

144 2735 291 2814 feratur,
318 2735 466 2814 velutin
494 2736 693 2812 Hermanni,
719 2737 838 2813 Bothii,
865 2733 1084 2814 Grotelendi,
1109 2734 1240 2807 Osanni

148 2848 242 2915 libris
270 2879 287 2915 a
314 2851 535 2917 Klossmauno
565 2851 607 2918 de
633 2855 693 2918 vita
721 2853 834 2925 Naevii
870 2879 902 2943 p,
939 2856 1005 2920 201
1036 2854 1244 2969 commemo-⁵

146 2967 236 3045 ratis,
263 2985 443 3058 praeterea
472 2970 567 3035 etiam
595 2969 629 3032 in
649 2966 999 3059 MeyeriAnthologia
1025 2992 1057 3058 p.
1086 2971 1118 3039 5.
1152 2968 1237 3039 Nam

147 3083 210 3150 nisi
250 3080 343 3173 qnod
378 3083 474 3148 tertio
510 3109 607 3149 versu
642 3084 744 3150 orclzo
776 3082 830 3166 v'el
865 3082 991 3153 loreto
1030 3079 1082 3152 vel
1118 3078 1237 3153 archia

146 3195 319 3293 proditum
353 3216 419 3278 est,
454 3199 662 3298 reliquorum
695 3199 777 3289 haco
809 3199 914 3275 ¹forma
949 3199 1068 3273 rationi
1098 3198 1236 3273 minimo

147 3333 329 3407 repugnat:

245 3427 460 3497 Inmulrtolda
485 3432 647 3498 mortdles
672 3428 703 3503 si
719 3427 823 3518 fone't
843 3425 1033 3523 fussldro,

242 3543 385 3614 Flu-ent
410 3545 509 3614 divue'
538 3545 709 3616 Continuo
734 3542 900 3614 Ναένίιὶιη
922 3543 1069 3640 poe'tom.

242 3665 367 3752 Ita'que
389 3682 571 3758 postquam
596 3662 647 3757 dat
673 3659 791 3730 oncino
814 3658 964 3729 trn'clitds
990 3657 1167 3739 tltesuu'ro,

246 3776 357 3848 Obtlu'
380 3776 461 3860 saint
483 3777 611 3856 Bomoe'
638 3776 767 3872 loqitidr
793 3778 917 3870 liugtut'
941 3775 1062 3852 lutino.

141 3897 273 3963 Nullam
305 3899 393 3964 enim
430 3897 562 3965 ultimus
598 3897 814 3965 offensionem
852 3924 870 3962 a
902 3896 1056 3989 neglecta
1095 3922 1230 3971 caesura

141 4014 258 4078 habet:
297 4015 388 4080 cuius
424 4013 605 4104 elegantiae
633 4013 816 4077 Grauertus
843 4011 1002 4104 Append.
1037 4011 1079 4076 ad
1105 4014 1230 4081 Koenii

142 4129 262 4201 librum
293 4129 334 4195 de
360 4129 438 4222 ling.
467 4131 552 4220 epia.
581 4128 633 4193 lat.
662 4156 692 4219 p.
720 4128 789 4196 ‘267
819 4130 866 4194 sic
893 4127 1116 4206 consulturus:¹

242 4241 351 4316 Obliu
373 4241 453 4340 splot
479 4243 606 4311 Iioma'i
626 4247 638 4311 ll
661 4239 790 4338 loquie'i·
815 4244 939 4336 linguai
963 4239 1085 4324 lutino,

139 4362 260 4437 oblitus
295 4379 342 4435 est
383 4361 520 4443 alteram
558 4346 703 4428 Saturnii
740 4381 868 4468 partem
901 4363 1053 4438 auam-usi
1099 4387 1229 4438 carere.
