2872 4942
404 361 424 401 r.
457 360 500 403 nu
526 316 642 403 ruivrt
671 360 800 402 rueras
825 361 1013 404 uouuurvs.
1217 339 1263 409 tt

170 537 272 609 rideri
300 538 434 628 poterit,
461 538 487 601 si
513 537 681 607 communi
709 538 871 628 opinione
898 536 950 603 vel
971 536 1078 604 Plauti
1093 537 1264 632 vclAqui-

166 653 197 718 lii
216 651 463 739 (siveAttilium
478 651 595 736 males)
623 654 757 719 Boeotia
776 651 887 719 fabula
905 652 1084 732 serebatur,
1112 654 1148 720 id
1169 655 1266 747 quod·

165 757 386 836 contestatum
414 769 587 846 habemus,
611 794 677 835 nou
704 768 781 834 huic
796 770 861 859 ipsi
874 788 994 860 poetae
1008 769 1145 848 Attium,
1161 797 1260 864 quam

163 912 178 950 a
216 883 337 950 Plauto
378 883 515 976 quidem
549 882 777 962 abiudicabct,
816 883 875 951 sed
912 887 1012 951 tertio
1044 885 1175 953 cuidam
1203 889 1265 952 tri.

163 1001 299 1077 baisse,
333 1000 426 1066 cuius
457 997 547 1090 apud
579 988 729 1064 Gellium
763 1023 830 1065 nec
862 998 935 1066 vola
970 1025 1035 1067 nec
1064 1001 1262 1093 vestigium?

163 1118 216 1179 An
244 1113 323 1205 plus
349 1112 455 1178 habet
479 1112 741 1204 probabilitatis,
761 1113 788 1178 si
810 1112 901 1205 apud
925 1114 1062 1195 Attium,
1079 1117 1161 1182 Titii
1188 1143 1261 1184 esse

163 1231 363 1320 Boeotiam,
388 1229 517 1307 Varro,
543 1253 644 1321 quem
671 1231 841 1321 excerpsit
866 1229 1012 1309 Gellius,
1052 1231 1188 1326 legerat,
1215 1252 1264 1301 ta.

163 1370 243 1421 meu
279 1360 314 1411 et
348 1343 441 1421 hunc
466 1361 499 1409 et
522 1343 662 1410 sortasse
687 1343 1077 1439 Varronem-Aquilium
1108 1347 1264 1417 maluisse

166 1486 270 1557 quarn
314 1457 462 1527 eundem
496 1459 624 1525 Titium
659 1482 922 1527 commemorare
954 1479 1112 1555 tanquam
1138 1463 1265 1532 tralati-

166 1579 256 1647 cium
283 1574 372 1642 illius
397 1573 528 1640 fabulae
556 1574 780 1668 scriptorem?
808 1601 873 1642 nec
887 1574 1005 1643 saltem
1019 1579 1164 1645 iunxisse
1180 1578 1264 1645 Gel-

164 1691 246 1759 lium
271 1692 445 1783 utriusque
473 1690 679 1761 mentionem
705 1688 795 1756 velut
819 1691 853 1756 in
879 1691 971 1758 hunc
995 1691 1151 1759 modum:
1181 1719 1266 1759 nam

165 1812 304 1877 cum-iu
330 1807 396 1873 illis
422 1830 492 1872 una
514 1822 548 1871 et
576 1809 701 1897 viginti
723 1829 796 1872 non
819 1810 866 1872 sic
900 1823 935 1872 ec
960 1831 1033 1874 esse
1056 1810 1109 1876 vel
1130 1808 1264 1903 Aquilii

164 1924 220 1991 vel
239 1924 327 1992 Titii
349 1920 487 1989 dicatur
510 1921 585 1985 -Ρ

175 2054 178 2059 “
267 2039 346 2105 Nou
379 2055 492 2131 potest
523 2039 622 2131 igitur
654 2040 701 2106 M.
735 2038 815 2105 Titii
846 2062 973 2107 nomen
1005 2039 1096 2106 ferri.
1147 2041 1263 2109 Altera

165 2172 280 2221 autem
304 2179 345 2220 ex
372 2171 467 2246 parte
496 2179 569 2220 cum
596 2153 725 2246 Aquilii
751 2153 889 2245 quidem
921 2173 954 2221 et
982 2155 1090 2223 Anilii
1127 2161 1262 2224 nomina

162 2295 235 2338 non
259 2270 392 2362 possint
415 2268 490 2334 ullis
506 2269 677 2335 machinis
712 2294 788 2336 cum
823 2270 970 2336 metricis
997 2288 1032 2336 et
1054 2270 1263 2362 prosodiacis

164 2385 353 2453 rationibus
378 2382 551 2461 conciliari
577 2384 611 2448 in
637 2384 728 2451 exitu
754 2384 933 2476 septenarii
949 2385 1068 2475 posita,
1087 2384 1170 2477 quid
1191 2403 1262 2451 tan-

165 2499 249 2568 dem
273 2501 354 2567 Anii
381 2499 533 2587 versibus
559 2499 634 2565 fiat?
685 2501 737 2564 De
763 2499 815 2565 his
837 2498 917 2564 dum
943 2498 1088 2566 meditor
1113 2519 1147 2579 ot
1171 2502 1264 2587 simi-

166 2616 223 2683 les
249 2617 431 2683 nominum
462 2615 584 2680 formas
617 2615 770 2706 anquiro,
805 2615 916 2682 subito
938 2615 974 2679 in
997 2633 1148 2681 mentem
1173 2617 1265 2684 venit

171 2732 265 2827 Titi
300 2732 438 2797 Macci
476 2731 511 2796 iu
549 2729 701 2796 Plautino
728 2729 847 2797 codice
875 2732 1015 2821 reperti.
1066 2728 1265 2797 Accedebat

168 2847 265 2942 quod
290 2848 426 2913 minime
451 2863 738 2937 exspectaveram:
774 2844 886 2910 denuo
912 2846 1003 2911 enim
1028 2846 1186 2936 inspectis
1212 2846 1266 2911 in-

168 2979 358 3054 terpretum
386 2960 633 3027 commentariis
656 2957 737 3040 vidi,
760 2956 853 3051 quod
868 2956 1006 3050 quidem
1019 2976 1114 3025 autea
1136 2977 1173 3025 ut
1187 2958 1264 3028 leve

168 3097 201 3145 et
225 3076 353 3143 nullius
376 3076 534 3141 momenti
560 3072 785 3166 neglexeram,
811 3074 931 3140 abesse
957 3074 999 3139 ab
1026 3074 1159 3165 optimis
1185 3073 1265 3140 Gel-

167 3190 204 3256 lii
230 3191 329 3257 libris
354 3191 458 3283 Regio
487 3207 521 3267 et
546 3187 837 3267 nocendo-nano,
874 3187 995 3281 quibus
1027 3185 1117 3254 addo
1139 3189 1266 3280 perbo-

167 3330 250 3371 uum
274 3306 472 3373 Vaticanum
513 3302 592 3388 (nisi
631 3301 724 3396 quod
759 3303 787 3368 is
814 3298 864 3372 Μ.
889 3296 986 3367 Accii
1017 3301 1123 3371 habet
1143 3303 1265 3371 omisso

168 3416 360 3535 TitiQsed
381 3419 578 3514 particulam
603 3438 722 3514 poetae
749 3419 877 3485 nomini
902 3418 1129 3509 praemissam.
1176 3416 1267 3500 Quid

168 3550 277 3629 putes-
301 3537 404 3628 magis
444 3552 706 3617 consentaneum
734 3536 838 3600 visum
861 3557 953 3615 esse,
994 3559 1094 3626 quam
1129 3535 1266 3600 omnino

167 3673 238 3714 nou
265 3647 393 3715 dictum
420 3673 495 3716 esse
520 3648 587 3714 illis
615 3646 755 3741 quidem
777 3647 940 3726 versibus,
961 3648 1014 3714 cui
1036 3665 1155 3739 poetae
1179 3649 1267 3712 Boe·

169 3765 275 3831 otiam
311 3788 386 3830 cum
414 3763 554 3858 reliquis
580 3761 701 3829 fabulis
727 3763 835 3828 Attius
861 3761 1041 3844 tribuisset,
1063 3759 1124 3828 sed
1142 3752 1268 3828 tantum

166 3876 282 3959 Plauti
305 3892 384 3945 'eam
407 3902 479 3947 esse
504 3862 639 3971 negari?
667 3895 711 3959 ut,
738 3902 840 3970 quem
861 3877 903 3943 ab
918 3877 1013 3945 initio
1038 3877 1201 3947 Plautum
1216 3875 1268 3943 di.

147 3997 294 4076 uisset,
328 3993 456 4076 deinde
493 4011 604 4098 putem
637 3996 709 4060 eins
745 3993 946 4086 pronomine
973 3990 1005 4078 *)
1039 3993 1268 4086 significasset,

165 4180 204 4191 υ-

206 4244 236 4342 *l
269 4273 651 4327 murmurmurmur·
674 4236 872 4325 insertuff‘uoa
891 4272 952 4337 lere
971 4268 1270 4324 hebetaviudobouau·

259 4361 306 4427 ria,
322 4360 501 4415 munuum
512 4350 708 4427 immitisque
725 4362 848 4412 nemon·
864 4358 1061 4422 munimntum,
1079 4358 1106 4409 iu
1124 4356 1217 4426 quibus
1230 4363 1271 4409 ert
