2872 4942
508 357 649 402 inaniis
677 362 918 407 russurrensis.
1158 342 1252 413 ,591

627 561 806 608 cananea.

196 651 246 720 90
322 651 383 718 Ita
408 647 463 716 t’ds
489 669 549 718 est.
603 653 758 721 Gnatam
794 649 858 720 tibi
887 635 995 720 aleam
1020 652 1257 726 Pliildmenam
1330 658 1333 663 ’

320 762 472 836 an'rem
496 787 530 834 et
555 768 647 835 dotis
675 766 737 836 se'ac
759 770 892 836 talenta
916 765 1078 862 spriadeo.

297 883 427 949 Horum
452 882 618 977 pleraque
644 864 712 951 lton
739 910 838 978 egere
872 886 925 952 vel
957 885 1180 978 explicatione
1205 888 1258 956 vel

171 999 371 1066 defensione
406 1017 579 1092 putamus:
620 1018 655 1066 ut
682 1000 724 1066 de
751 1003 864 1092 paucis
889 1000 1043 1068 videatur
1069 1003 1258 1097 singillatim

170 1115 391 1185 monendum.
446 1117 493 1183 Ac
514 1113 581 1184 ull
606 1133 760 1209 praestat,
786 1115 877 1209 quod
903 1142 944 1182 ex
970 1136 1113 1210 utroque
1140 1119 1259 1187 codice

171 1233 384 1323 recepimus,
422 1230 547 1324 Guyeti
581 1235 788 1324 scripturae,
825 1257 911 1324 quae
937 1251 972 1298 ut
997 1232 1182 1315 toleretur,
1214 1238 1262 1302 sic

144 1346 379 1432 ,sublevanda
421 1346 694 1440 interpungendo
726 1347 840 1413 suerit:
882 1348 997 1414 Perii:
1041 1349 1102 1455 “l'’
1140 1352 1259 1426 Dave,

169 1462 218 1529 de
245 1498 312 1528 -.
364 1466 445 1531 Mox
471 1488 539 1531 non
570 1462 708 1529 latinum
742 1453 793 1528 est
816 1461 979 1554 loquendi
1004 1490 1129 1558 genus,
1166 1466 1258 1559 quod

169 1580 350 1672 proposuit
376 1577 603 1647 Doederlinus
631 1583 701 1644 vita
725 1602 800 1643 sors
825 1579 1024 1647 sustollitur.
1168 1583 1209 1648 V.
1236 1584 1257 1648 5

169 1719 243 1760 non
268 1693 400 1762 videtur
427 1694 579 1762 eiusdem
604 1695 666 1762 hac
693 1693 908 1761 distinctione
932 1719 1016 1788 opus
1048 1721 1139 1763 esse:
1176 1722 1258 1763 catt-

170 1810 264 1875 dicio
287 1810 348 1877 est}
380 1808 435 1906 ⁸Si
460 1810 649 1884 valuissem,
670 1809 850 1901 Pamphile
876 1845 944 1886 -,
975 1829 1010 1878 ut
1033 1813 1152 1878 omissa
1174 1837 1257 1904 upo-

172 1926 249 1994 dosi
276 1929 382 1994 oratio
408 1927 584 1993 insistatur.
628 1929 712 2016 Nam
734 1925 807 1991 illa:
835 1950 907 1992 nan
933 1950 1023 1992 aava
1047 1932 1155 1992 istaec
1179 1929 1262 1994 milii

170 2041 331 2108 condicio
357 2058 410 2109 est
432 2060 577 2136 aequant
608 2043 741 2108 brevius
765 2041 891 2109 dictum
926 2042 1019 2108 istud
1042 2042 1177 2133 quidem
1196 2068 1260 2135 po-

171 2161 312 2225 tuissem
349 2159 382 2229 h.
407 2185 434 2230 e.
472 2163 569 2225 istius
609 2157 745 2252 quidem
783 2156 996 2223 condicionis
1033 2158 1256 2252 accipiendae

169 2273 306 2358 pridem
327 2275 412 2340 milti
436 2279 534 2367 copia
549 2277 660 2361 facta
682 2289 778 2340 esset.
889 2271 977 2342 Μ
1016 2275 1052 2340 in
1078 2273 1259 2368 legitimam

171 2392 361 2456 mensuram
386 2393 528 2484 graviter
548 2415 623 2458 cum
636 2391 817 2456 Grauertus
844 2407 912 2456 tum
932 2389 1156 2457 Doederlinus
1180 2417 1263 2484 pec-

146 2508 316 2601 }carunt,
351 2531 496 2600 quorum
524 2505 582 2572 ille
608 2501 760 2580 ‘Occidi,
797 2499 910 2583 Darii,
942 2501 1041 2597 peril.
1076 2507 1155 2574 Cltr.
1189 2506 1262 2574 Sed

172 2621 211 2688 id
237 2655 295 2701 -,
318 2623 374 2690 hic
397 2641 506 2690 autem
532 2623 666 2714 scripsit
687 2615 832 2696 ‘Occidi
858 2623 966 2690 Dave.
988 2622 1067 2689 Cirr.
1092 2622 1260 2689 Melae—-

172 2738 236 2806 Ct.
259 2739 363 2804 Perii.
392 2738 471 2809 Cla.
496 2735 629 2837 de'ff'
694 2737 895 2830 Susceptum
915 2763 945 2802 a
970 2738 1068 2803 uobis
1100 2763 1142 2803 ex
1167 2754 1260 2805 utro-

169 2879 240 2947 que
267 2853 386 2921 codice
413 2871 523 2931 mane,
550 2844 709 2922 animale
734 2850 802 2920 v.4
827 2850 995 2920 adiectum
1010 2844 1255 2933 alz'iunximus,

168 2992 213 3036 eo
243 2965 347 3047 valet,
374 2969 467 3062 quod
494 2967 679 3047 Charinus,
714 2969 771 3060 qui
798 2992 863 3032 uua
891 2993 966 3034 cum
990 2969 1084 3033 Davo
1101 2950 1259 3060 ‘paullum

166 3102 375 3164 secesserat,
403 3083 534 3178 auditis
568 3083 754 3150 Chremetis
788 3082 900 3148 verbis
932 3081 1119 3172 desperans
1150 3084 1260 3149 animo

141 3200 298 3266 ‘abitum
324 3199 470 3290 parabat.
509 3197 626 3266 Simile
654 3194 817 3290 quiddam
845 3199 1005 3289 consequi
1031 3196 1168 3263 Bothius
1192 3215 1261 3263 stu-

164 3315 264 3382 duit:
300 3293 478 3393 'llccidiu',
516 3313 637 3380 Dave?
687 3314 731 3378 D.
762 3305 949 3405 'Opperira
987 3310 1066 3377 Ctr.
1088 3384 1089 3388 ,
1109 3311 1158 3379 Id
1197 3348 1261 3378 -.

162 3430 214 3501 V.
245 3434 266 3499 7
289 3427 463 3522 praeclare
492 3428 626 3496 codices
653 3431 813 3509 omnino,
842 3444 876 3494 et
901 3456 932 3496 v.
959 3429 1112 3518 proximo
1140 3426 1260 3493 nobi's:

163 3545 270 3642 quod
295 3546 505 3638 suspicamur
532 3547 627 3611 etiam
655 3546 691 3610 in
713 3546 741 3610 E
767 3563 894 3611 exstare
921 3544 969 3610 sic
990 3545 1116 3635 pictum
1140 3545 1208 3611 nis.

146 3662 289 3731 ·Verba
315 3661 390 3726 hem
416 3677 491 3726 tace
525 3680 616 3727 recte
651 3662 716 3727 iam
750 3662 887 3728 Bothius
916 3658 1092 3744 discrevit,
1132 3660 1167 3724 in
1203 3684 1260 3725 ex-

163 3779 408 3848 clamationem
451 3778 613 3844 Charinus
652 3779 820 3869 erumpit,
854 3772 990 3842 simulac
1022 3773 1187 3842 levissima
1229 3777 1261 3840 ei

163 3916 251 3987 spes
279 3892 440 3959 oboritur.
552 3893 592 3959 V.
620 3892 642 3960 9
670 3891 884 3958 incredibilia
907 3918 972 3959 nec
998 3888 1073 3956 ullis
1096 3889 1259 3958 machinis
1319 3953 1320 3958 ,

164 4008 378 4079 excusabilia
403 4007 510 4075 moliti
535 4007 771 4087 suntBothius,
799 4007 991 4100 (irauertus,
1017 4004 1276 4073 Doederlinusx·

160 4149 259 4220 quac
287 4125 328 4188 ab
352 4124 433 4216 ipsis
459 4140 584 4216 petant,
610 4126 637 4190 si
664 4123 721 4214 qui
744 4145 884 4188 noscere
913 4123 1158 4214 concupierint
1198 4145 1260 4187 aa·

160 4258 248 4308 stra
275 4256 325 4306 est
359 4238 548 4306 Chremetis
576 4256 608 4305 et
630 4238 774 4332 Simonis
808 4237 965 4306 amicitia:
1000 4237 1108 4304 stadii
1141 4262 1257 4305 corru-
1350 4267 1351 4271 ¹

159 4377 268 4452 ptum
295 4382 313 4422 e
339 4361 410 4422 sui:
432 4381 489 4439 ,ex
515 4356 813 4449 interpretamento
839 4372 949 4422 autem
975 4373 1047 4421 orta
1073 4352 1260 4421 adductam
1292 4372 1295 4379 ’
