<?xml version="1.0" encoding="UTF-8"?>
<!DOCTYPE html PUBLIC "-//W3C//DTD XHTML 1.0 Transitional//EN"
    "http://www.w3.org/TR/xhtml1/DTD/xhtml1-transitional.dtd">
<html xmlns="http://www.w3.org/1999/xhtml" xml:lang="en" lang="en">
 <head>
  <title>
</title>
<meta http-equiv="Content-Type" content="text/html;charset=utf-8" />
  <meta name='ocr-system' content='tesseract 3.04.00' />
  <meta name='ocr-capabilities' content='ocr_page ocr_carea ocr_par ocr_line ocrx_word'/>
</head>
<body>
  <div class='ocr_page' id='page_1' title='image "./parergonplautin00ritsgoog_0514.png"; bbox 0 0 2872 4942; ppageno 0'>
   <div class='ocr_carea' id='block_1_1' title="bbox 183 339 1072 413">
    <p class='ocr_par' dir='ltr' id='par_1_1' title="bbox 183 339 1072 413">
     <span class='ocr_line' id='line_1_1' title="bbox 183 339 1072 413; baseline -0.01 -4"><span class='ocrx_word' id='word_1_1' title='bbox 183 339 254 413; x_wconf 72' lang='lat'>468</span> <span class='ocrx_word' id='word_1_2' title='bbox 403 363 469 404; x_wconf 79' lang='lat' dir='ltr'>viu.</span> <span class='ocrx_word' id='word_1_3' title='bbox 503 361 545 402; x_wconf 86' lang='lat' dir='ltr'>ue</span> <span class='ocrx_word' id='word_1_4' title='bbox 571 359 720 402; x_wconf 82' lang='lat' dir='ltr'>rvaaaro</span> <span class='ocrx_word' id='word_1_5' title='bbox 748 357 921 403; x_wconf 79' lang='lat' dir='ltr'>scantavu</span> <span class='ocrx_word' id='word_1_6' title='bbox 949 358 1072 402; x_wconf 77' lang='lat' dir='ltr'>nautae</span> 
     </span>
    </p>
   </div>
   <div class='ocr_carea' id='block_1_2' title="bbox 176 529 1268 2002">
    <p class='ocr_par' dir='ltr' id='par_1_2' title="bbox 176 529 1268 2002">
     <span class='ocr_line' id='line_1_2' title="bbox 182 529 1255 624; baseline 0.001 -27"><span class='ocrx_word' id='word_1_7' title='bbox 182 533 231 597; x_wconf 79' lang='lat' dir='ltr'>rel</span> <span class='ocrx_word' id='word_1_8' title='bbox 265 534 305 597; x_wconf 92' lang='lat' dir='ltr'>ab</span> <span class='ocrx_word' id='word_1_9' title='bbox 339 550 409 597; x_wconf 87' lang='lat' dir='ltr'>arte</span> <span class='ocrx_word' id='word_1_10' title='bbox 443 548 564 622; x_wconf 89' lang='lat' dir='ltr'>poetae</span> <span class='ocrx_word' id='word_1_11' title='bbox 591 529 642 595; x_wconf 85' lang='lat' dir='ltr'>rel</span> <span class='ocrx_word' id='word_1_12' title='bbox 669 557 687 596; x_wconf 88' lang='lat' dir='ltr'>a</span> <span class='ocrx_word' id='word_1_13' title='bbox 713 557 751 596; x_wconf 93' lang='lat' dir='ltr'>re</span> <span class='ocrx_word' id='word_1_14' title='bbox 782 532 855 624; x_wconf 89' lang='lat' dir='ltr'>ipsa</span> <span class='ocrx_word' id='word_1_15' title='bbox 888 549 1057 598; x_wconf 72' lang='lat' dir='ltr'><strong>metueret</strong></span> <span class='ocrx_word' id='word_1_16' title='bbox 1089 529 1255 599; x_wconf 72' lang='lat' dir='ltr'>Acidaliae</span> 
     </span>
     <span class='ocr_line' id='line_1_3' title="bbox 183 645 1256 726; baseline -0.003 -12"><span class='ocrx_word' id='word_1_17' title='bbox 183 646 282 714; x_wconf 77' lang='lat' dir='ltr'>Aliud</span> <span class='ocrx_word' id='word_1_18' title='bbox 318 663 366 712; x_wconf 92' lang='lat' dir='ltr'>est</span> <span class='ocrx_word' id='word_1_19' title='bbox 388 647 474 710; x_wconf 90' lang='lat' dir='ltr'>enim</span> <span class='ocrx_word' id='word_1_20' title='bbox 502 645 553 709; x_wconf 91' lang='lat' dir='ltr'>bis</span> <span class='ocrx_word' id='word_1_21' title='bbox 580 645 719 710; x_wconf 85' lang='lat' dir='ltr'>eandem</span> <span class='ocrx_word' id='word_1_22' title='bbox 745 671 817 711; x_wconf 89' lang='lat' dir='ltr'>rem</span> <span class='ocrx_word' id='word_1_23' title='bbox 853 648 1026 726; x_wconf 77' lang='lat' dir='ltr'>enarrari,</span> <span class='ocrx_word' id='word_1_24' title='bbox 1057 646 1150 713; x_wconf 90' lang='lat' dir='ltr'>aliud</span> <span class='ocrx_word' id='word_1_25' title='bbox 1174 674 1190 712; x_wconf 85' lang='lat' dir='ltr'>a</span> <span class='ocrx_word' id='word_1_26' title='bbox 1214 647 1256 712; x_wconf 88' lang='lat' dir='ltr'>di-</span> 
     </span>
     <span class='ocr_line' id='line_1_4' title="bbox 181 759 1268 869; baseline -0.002 -43"><span class='ocrx_word' id='word_1_27' title='bbox 181 763 285 826; x_wconf 83' lang='lat' dir='ltr'>versis</span> <span class='ocrx_word' id='word_1_28' title='bbox 305 761 467 869; x_wconf 51' lang='lat' dir='ltr'>pprsouis,</span> <span class='ocrx_word' id='word_1_29' title='bbox 495 759 716 826; x_wconf 86' lang='lat' dir='ltr'>diversissima</span> <span class='ocrx_word' id='word_1_30' title='bbox 743 764 892 827; x_wconf 88' lang='lat' dir='ltr'>omnium</span> <span class='ocrx_word' id='word_1_31' title='bbox 916 785 1031 826; x_wconf 90' lang='lat' dir='ltr'>rerum</span> <span class='ocrx_word' id='word_1_32' title='bbox 1057 761 1268 840; x_wconf 86' lang='lat' dir='ltr'>condicione,-</span> 
     </span>
     <span class='ocr_line' id='line_1_5' title="bbox 181 874 1255 970; baseline -0.001 -27"><span class='ocrx_word' id='word_1_33' title='bbox 181 880 229 943; x_wconf 89' lang='lat' dir='ltr'>rei</span> <span class='ocrx_word' id='word_1_34' title='bbox 256 902 414 943; x_wconf 88' lang='lat' dir='ltr'>summam</span> <span class='ocrx_word' id='word_1_35' title='bbox 438 874 551 941; x_wconf 91' lang='lat' dir='ltr'>denuo</span> <span class='ocrx_word' id='word_1_36' title='bbox 575 876 684 969; x_wconf 83' lang='lat' dir='ltr'>tangi,</span> <span class='ocrx_word' id='word_1_37' title='bbox 710 893 745 943; x_wconf 86' lang='lat' dir='ltr'>et</span> <span class='ocrx_word' id='word_1_38' title='bbox 771 879 813 942; x_wconf 87' lang='lat' dir='ltr'>ita</span> <span class='ocrx_word' id='word_1_39' title='bbox 840 874 979 970; x_wconf 90' lang='lat' dir='ltr'>quidem</span> <span class='ocrx_word' id='word_1_40' title='bbox 1004 878 1115 970; x_wconf 73' lang='lat' dir='ltr'>nugi,</span> <span class='ocrx_word' id='word_1_41' title='bbox 1141 895 1255 944; x_wconf 89' lang='lat' dir='ltr'>utnon</span> 
     </span>
     <span class='ocr_line' id='line_1_6' title="bbox 181 990 1255 1085; baseline 0 -27"><span class='ocrx_word' id='word_1_42' title='bbox 181 1021 220 1058; x_wconf 85' lang='lat' dir='ltr'>ex</span> <span class='ocrx_word' id='word_1_43' title='bbox 246 995 315 1085; x_wconf 88' lang='lat' dir='ltr'>ipsa</span> <span class='ocrx_word' id='word_1_44' title='bbox 342 1018 379 1057; x_wconf 92' lang='lat' dir='ltr'>re</span> <span class='ocrx_word' id='word_1_45' title='bbox 404 990 461 1056; x_wconf 87' lang='lat' dir='ltr'>illa</span> <span class='ocrx_word' id='word_1_46' title='bbox 494 1009 674 1084; x_wconf 81' lang='lat' dir='ltr'>quaeratur</span> <span class='ocrx_word' id='word_1_47' title='bbox 705 991 894 1073; x_wconf 87' lang='lat' dir='ltr'>oblectatio,</span> <span class='ocrx_word' id='word_1_48' title='bbox 922 992 985 1059; x_wconf 88' lang='lat' dir='ltr'>sed</span> <span class='ocrx_word' id='word_1_49' title='bbox 1018 1019 1060 1060; x_wconf 85' lang='lat' dir='ltr'>ex</span> <span class='ocrx_word' id='word_1_50' title='bbox 1091 994 1255 1061; x_wconf 81' lang='lat' dir='ltr'>affectuum</span> 
     </span>
     <span class='ocr_line' id='line_1_7' title="bbox 180 1106 1253 1201; baseline -0.001 -27"><span class='ocrx_word' id='word_1_51' title='bbox 180 1111 361 1187; x_wconf 85' lang='lat' dir='ltr'>varietate,</span> <span class='ocrx_word' id='word_1_52' title='bbox 398 1132 483 1201; x_wconf 93' lang='lat' dir='ltr'>quos</span> <span class='ocrx_word' id='word_1_53' title='bbox 510 1133 586 1174; x_wconf 91' lang='lat' dir='ltr'>cum</span> <span class='ocrx_word' id='word_1_54' title='bbox 613 1106 668 1173; x_wconf 91' lang='lat' dir='ltr'>illa</span> <span class='ocrx_word' id='word_1_55' title='bbox 700 1110 840 1187; x_wconf 87' lang='lat' dir='ltr'>excitet,</span> <span class='ocrx_word' id='word_1_56' title='bbox 880 1126 951 1174; x_wconf 89' lang='lat' dir='ltr'>tum</span> <span class='ocrx_word' id='word_1_57' title='bbox 974 1132 1041 1200; x_wconf 89' lang='lat' dir='ltr'>per</span> <span class='ocrx_word' id='word_1_58' title='bbox 1073 1108 1253 1177; x_wconf 84' lang='lat' dir='ltr'>altercanti·</span> 
     </span>
     <span class='ocr_line' id='line_1_8' title="bbox 180 1223 1262 1320; baseline 0.001 -28"><span class='ocrx_word' id='word_1_59' title='bbox 180 1253 250 1305; x_wconf 92' lang='lat' dir='ltr'>um,</span> <span class='ocrx_word' id='word_1_60' title='bbox 276 1226 545 1317; x_wconf 83' lang='lat' dir='ltr'>obiurgantium,</span> <span class='ocrx_word' id='word_1_61' title='bbox 573 1223 658 1290; x_wconf 87' lang='lat' dir='ltr'>male</span> <span class='ocrx_word' id='word_1_62' title='bbox 684 1226 995 1317; x_wconf 75' lang='lat' dir='ltr'>interpretantium,</span> <span class='ocrx_word' id='word_1_63' title='bbox 1019 1227 1262 1320; x_wconf 73' lang='lat' dir='ltr'>obstupeseeu·&#39;=¹</span> 
     </span>
     <span class='ocr_line' id='line_1_9' title="bbox 177 1339 1253 1434; baseline -0.003 -26"><span class='ocrx_word' id='word_1_64' title='bbox 177 1345 258 1409; x_wconf 91' lang='lat' dir='ltr'>tium</span> <span class='ocrx_word' id='word_1_65' title='bbox 291 1365 464 1407; x_wconf 86' lang='lat' dir='ltr'>sermones</span> <span class='ocrx_word' id='word_1_66' title='bbox 496 1339 691 1408; x_wconf 87' lang='lat' dir='ltr'>ioculariter</span> <span class='ocrx_word' id='word_1_67' title='bbox 729 1359 830 1432; x_wconf 89' lang='lat' dir='ltr'>pocta</span> <span class='ocrx_word' id='word_1_68' title='bbox 865 1359 1100 1434; x_wconf 87' lang='lat' dir='ltr'>persequatur.</span> <span class='ocrx_word' id='word_1_69' title='bbox 1156 1340 1253 1426; x_wconf 81' lang='lat' dir='ltr'>Quid?</span> 
     </span>
     <span class='ocr_line' id='line_1_10' title="bbox 179 1454 1252 1553; baseline -0.002 -31"><span class='ocrx_word' id='word_1_70' title='bbox 179 1457 270 1553; x_wconf 88' lang='lat' dir='ltr'>quod</span> <span class='ocrx_word' id='word_1_71' title='bbox 297 1457 355 1523; x_wconf 84' lang='lat' dir='ltr'>itta</span> <span class='ocrx_word' id='word_1_72' title='bbox 379 1483 423 1522; x_wconf 87' lang='lat' dir='ltr'>ne</span> <span class='ocrx_word' id='word_1_73' title='bbox 461 1473 642 1548; x_wconf 89' lang='lat' dir='ltr'>potuerunt</span> <span class='ocrx_word' id='word_1_74' title='bbox 676 1456 811 1548; x_wconf 91' lang='lat' dir='ltr'>quidem</span> <span class='ocrx_word' id='word_1_75' title='bbox 838 1457 990 1524; x_wconf 88' lang='lat' dir='ltr'>breviter</span> <span class='ocrx_word' id='word_1_76' title='bbox 1022 1459 1101 1552; x_wconf 83' lang='lat' dir='ltr'>agi,</span> <span class='ocrx_word' id='word_1_77' title='bbox 1134 1454 1252 1553; x_wconf 86' lang='lat' dir='ltr'>quaudo</span> 
     </span>
     <span class='ocr_line' id='line_1_11' title="bbox 243 1573 1251 1667; baseline -0.003 -27.158"><span class='ocrx_word' id='word_1_78' title='bbox 243 1577 296 1649; x_wconf 52' lang='lat' dir='ltr'>sto</span> <span class='ocrx_word' id='word_1_79' title='bbox 321 1601 337 1640; x_wconf 89' lang='lat' dir='ltr'>a</span> <span class='ocrx_word' id='word_1_80' title='bbox 365 1576 493 1641; x_wconf 92' lang='lat' dir='ltr'>comico</span> <span class='ocrx_word' id='word_1_81' title='bbox 517 1591 616 1665; x_wconf 85' lang='lat' dir='ltr'>poeta</span> <span class='ocrx_word' id='word_1_82' title='bbox 642 1573 706 1639; x_wconf 94' lang='lat' dir='ltr'>hoc</span> <span class='ocrx_word' id='word_1_83' title='bbox 730 1574 946 1666; x_wconf 86' lang='lat' dir='ltr'>requirimus,</span> <span class='ocrx_word' id='word_1_84' title='bbox 972 1591 1009 1641; x_wconf 92' lang='lat' dir='ltr'>ut</span> <span class='ocrx_word' id='word_1_85' title='bbox 1023 1575 1132 1667; x_wconf 89' lang='lat' dir='ltr'>ipsam</span> <span class='ocrx_word' id='word_1_86' title='bbox 1155 1598 1251 1641; x_wconf 87' lang='lat' dir='ltr'>rerum</span> 
     </span>
     <span class='ocr_line' id='line_1_12' title="bbox 177 1672 1249 1784; baseline -0.006 -26"><span class='ocrx_word' id='word_1_87' title='bbox 177 1672 348 1759; x_wconf 73' lang='lat' dir='ltr'>additatem</span> <span class='ocrx_word' id='word_1_88' title='bbox 384 1707 539 1782; x_wconf 88' lang='lat' dir='ltr'>tauquam</span> <span class='ocrx_word' id='word_1_89' title='bbox 575 1690 659 1754; x_wconf 87' lang='lat' dir='ltr'>vitae</span> <span class='ocrx_word' id='word_1_90' title='bbox 694 1688 831 1782; x_wconf 87' lang='lat' dir='ltr'>speculo</span> <span class='ocrx_word' id='word_1_91' title='bbox 868 1689 981 1784; x_wconf 89' lang='lat' dir='ltr'>aliquo</span> <span class='ocrx_word' id='word_1_92' title='bbox 1015 1689 1123 1759; x_wconf 89' lang='lat' dir='ltr'>oculis</span> <span class='ocrx_word' id='word_1_93' title='bbox 1145 1688 1249 1759; x_wconf 90' lang='lat' dir='ltr'>uostris</span> 
     </span>
     <span class='ocr_line' id='line_1_13' title="bbox 177 1804 1249 1898; baseline -0.003 -26"><span class='ocrx_word' id='word_1_94' title='bbox 177 1823 421 1898; x_wconf 85' lang='lat' dir='ltr'>repraesentet.</span> <span class='ocrx_word' id='word_1_95' title='bbox 457 1806 513 1884; x_wconf 86' lang='lat' dir='ltr'>Vt,</span> <span class='ocrx_word' id='word_1_96' title='bbox 539 1806 565 1871; x_wconf 91' lang='lat' dir='ltr'>si</span> <span class='ocrx_word' id='word_1_97' title='bbox 591 1804 692 1871; x_wconf 91' lang='lat' dir='ltr'>modo</span> <span class='ocrx_word' id='word_1_98' title='bbox 720 1831 798 1870; x_wconf 78' lang='lat' dir='ltr'>vera</span> <span class='ocrx_word' id='word_1_99' title='bbox 825 1824 921 1885; x_wconf 90' lang='lat' dir='ltr'>esset,</span> <span class='ocrx_word' id='word_1_100' title='bbox 946 1823 1059 1872; x_wconf 88' lang='lat' dir='ltr'>tamen</span> <span class='ocrx_word' id='word_1_101' title='bbox 1086 1831 1157 1874; x_wconf 91' lang='lat' dir='ltr'>non</span> <span class='ocrx_word' id='word_1_102' title='bbox 1180 1808 1249 1872; x_wconf 87' lang='lat' dir='ltr'>hauc</span> 
     </span>
     <span class='ocr_line' id='line_1_14' title="bbox 176 1920 1248 2002; baseline -0.001 -14"><span class='ocrx_word' id='word_1_103' title='bbox 176 1925 242 1989; x_wconf 88' lang='lat' dir='ltr'>vim</span> <span class='ocrx_word' id='word_1_104' title='bbox 257 1920 399 1987; x_wconf 82' lang='lat' dir='ltr'>Acidalii</span> <span class='ocrx_word' id='word_1_105' title='bbox 418 1923 625 1988; x_wconf 80' lang='lat' dir='ltr'>ratiocinatio</span> <span class='ocrx_word' id='word_1_106' title='bbox 640 1922 792 2002; x_wconf 85' lang='lat' dir='ltr'>haberet,</span> <span class='ocrx_word' id='word_1_107' title='bbox 820 1921 1138 1989; x_wconf 85' lang='lat' dir='ltr'>utcontraheudam</span> <span class='ocrx_word' id='word_1_108' title='bbox 1152 1924 1248 1991; x_wconf 85' lang='lat' dir='ltr'>Theu-</span> 
     </span>
    </p>
   </div>
   <div class='ocr_carea' id='block_1_3' title="bbox 163 1996 1248 2139">
    <p class='ocr_par' dir='ltr' id='par_1_3' title="bbox 163 1996 1248 2139">
     <span class='ocr_line' id='line_1_15' title="bbox 163 1996 1248 2139; baseline -0.005 -36"><span class='ocrx_word' id='word_1_109' title='bbox 163 1996 305 2130; x_wconf 64' lang='lat' dir='ltr'>iipidis</span> <span class='ocrx_word' id='word_1_110' title='bbox 334 2056 368 2102; x_wconf 88' lang='lat' dir='ltr'>ct</span> <span class='ocrx_word' id='word_1_111' title='bbox 390 2037 535 2103; x_wconf 88' lang='lat' dir='ltr'>Simonis</span> <span class='ocrx_word' id='word_1_112' title='bbox 563 2036 875 2139; x_wconf 69' lang='lat' dir='ltr'>expostulationem,</span> <span class='ocrx_word' id='word_1_113' title='bbox 900 2035 960 2103; x_wconf 89' lang='lat' dir='ltr'>sed</span> <span class='ocrx_word' id='word_1_114' title='bbox 985 2056 1021 2103; x_wconf 92' lang='lat' dir='ltr'>ut</span> <span class='ocrx_word' id='word_1_115' title='bbox 1036 2039 1173 2106; x_wconf 88' lang='lat' dir='ltr'>omuino</span> <span class='ocrx_word' id='word_1_116' title='bbox 1195 2058 1248 2102; x_wconf 90' lang='lat' dir='ltr'>nou</span> 
     </span>
    </p>
   </div>
   <div class='ocr_carea' id='block_1_4' title="bbox 171 2150 1259 4443">
    <p class='ocr_par' dir='ltr' id='par_1_4' title="bbox 171 2150 1259 4443">
     <span class='ocr_line' id='line_1_16' title="bbox 176 2150 1248 2246; baseline -0.004 -26"><span class='ocrx_word' id='word_1_117' title='bbox 176 2154 209 2221; x_wconf 87' lang='lat' dir='ltr'>in</span> <span class='ocrx_word' id='word_1_118' title='bbox 236 2155 306 2243; x_wconf 90' lang='lat' dir='ltr'>ipsa</span> <span class='ocrx_word' id='word_1_119' title='bbox 352 2177 434 2217; x_wconf 90' lang='lat' dir='ltr'>ceua</span> <span class='ocrx_word' id='word_1_120' title='bbox 459 2174 571 2217; x_wconf 90' lang='lat' dir='ltr'>coram</span> <span class='ocrx_word' id='word_1_121' title='bbox 593 2154 835 2243; x_wconf 82' lang='lat' dir='ltr'>spectatoribus</span> <span class='ocrx_word' id='word_1_122' title='bbox 855 2150 1027 2246; x_wconf 83' lang='lat' dir='ltr'>agendam,</span> <span class='ocrx_word' id='word_1_123' title='bbox 1053 2179 1170 2219; x_wconf 85' lang='lat' dir='ltr'>verum</span> <span class='ocrx_word' id='word_1_124' title='bbox 1193 2169 1248 2216; x_wconf 88' lang='lat' dir='ltr'>tan-</span> 
     </span>
     <span class='ocr_line' id='line_1_17' title="bbox 177 2265 1247 2359; baseline -0.001 -27"><span class='ocrx_word' id='word_1_125' title='bbox 177 2293 276 2359; x_wconf 88' lang='lat' dir='ltr'>quam</span> <span class='ocrx_word' id='word_1_126' title='bbox 340 2334 343 2341; x_wconf 70' lang='lat'><em>,</em></span> <span class='ocrx_word' id='word_1_127' title='bbox 383 2266 436 2333; x_wconf 90' lang='lat' dir='ltr'>llis</span> <span class='ocrx_word' id='word_1_128' title='bbox 462 2267 579 2334; x_wconf 88' lang='lat' dir='ltr'>saetam</span> <span class='ocrx_word' id='word_1_129' title='bbox 606 2285 731 2335; x_wconf 88' lang='lat' dir='ltr'>tantum</span> <span class='ocrx_word' id='word_1_130' title='bbox 750 2268 950 2335; x_wconf 90' lang='lat' dir='ltr'>narrandam</span> <span class='ocrx_word' id='word_1_131' title='bbox 969 2268 1072 2335; x_wconf 85' lang='lat' dir='ltr'>fuisse</span> <span class='ocrx_word' id='word_1_132' title='bbox 1096 2265 1247 2336; x_wconf 87' lang='lat' dir='ltr'>coneede-</span> 
     </span>
     <span class='ocr_line' id='line_1_18' title="bbox 175 2383 1246 2467; baseline -0.001 -20"><span class='ocrx_word' id='word_1_133' title='bbox 175 2409 297 2450; x_wconf 85' lang='lat' dir='ltr'>remus.</span> <span class='ocrx_word' id='word_1_134' title='bbox 358 2385 450 2467; x_wconf 89' lang='lat' dir='ltr'>Quae</span> <span class='ocrx_word' id='word_1_135' title='bbox 485 2385 593 2450; x_wconf 80' lang='lat' dir='ltr'>ouinia</span> <span class='ocrx_word' id='word_1_136' title='bbox 621 2385 648 2450; x_wconf 92' lang='lat' dir='ltr'>si</span> <span class='ocrx_word' id='word_1_137' title='bbox 681 2386 733 2450; x_wconf 91' lang='lat' dir='ltr'>cui</span> <span class='ocrx_word' id='word_1_138' title='bbox 758 2383 910 2450; x_wconf 88' lang='lat' dir='ltr'>nondum</span> <span class='ocrx_word' id='word_1_139' title='bbox 943 2385 1019 2450; x_wconf 90' lang='lat' dir='ltr'>satis</span> <span class='ocrx_word' id='word_1_140' title='bbox 1045 2409 1121 2451; x_wconf 90' lang='lat' dir='ltr'>csse</span> <span class='ocrx_word' id='word_1_141' title='bbox 1147 2383 1188 2450; x_wconf 91' lang='lat' dir='ltr'>ad</span> <span class='ocrx_word' id='word_1_142' title='bbox 1205 2407 1246 2448; x_wconf 90' lang='lat' dir='ltr'>re·</span> 
     </span>
     <span class='ocr_line' id='line_1_19' title="bbox 175 2497 1244 2594; baseline -0.004 -30"><span class='ocrx_word' id='word_1_143' title='bbox 175 2498 402 2590; x_wconf 82' lang='lat' dir='ltr'>darguendam</span> <span class='ocrx_word' id='word_1_144' title='bbox 427 2497 571 2565; x_wconf 83' lang='lat' dir='ltr'>Acidalii</span> <span class='ocrx_word' id='word_1_145' title='bbox 597 2502 842 2567; x_wconf 86' lang='lat' dir='ltr'>excusationem</span> <span class='ocrx_word' id='word_1_146' title='bbox 865 2498 1011 2566; x_wconf 86' lang='lat' dir='ltr'>videbun</span> <span class='ocrx_word' id='word_1_147' title='bbox 1075 2552 1086 2581; x_wconf 90' lang='lat'>,</span> <span class='ocrx_word' id='word_1_148' title='bbox 1112 2497 1244 2594; x_wconf 74' lang='lat' dir='ltr'>gravissi·</span> 
     </span>
     <span class='ocr_line' id='line_1_20' title="bbox 175 2615 1245 2710; baseline -0.003 -30"><span class='ocrx_word' id='word_1_149' title='bbox 175 2643 226 2682; x_wconf 86' lang='lat' dir='ltr'>ma</span> <span class='ocrx_word' id='word_1_150' title='bbox 256 2619 340 2683; x_wconf 83' lang='lat' dir='ltr'>haec</span> <span class='ocrx_word' id='word_1_151' title='bbox 366 2633 521 2709; x_wconf 86' lang='lat' dir='ltr'>reputato</span> <span class='ocrx_word' id='word_1_152' title='bbox 552 2642 593 2681; x_wconf 80' lang='lat' dir='ltr'>ex</span> <span class='ocrx_word' id='word_1_153' title='bbox 619 2619 691 2709; x_wconf 87' lang='lat' dir='ltr'>ipsa</span> <span class='ocrx_word' id='word_1_154' title='bbox 717 2615 828 2709; x_wconf 85' lang='lat' dir='ltr'>lingua</span> <span class='ocrx_word' id='word_1_155' title='bbox 854 2641 1012 2710; x_wconf 80' lang='lat' dir='ltr'>nexuque</span> <span class='ocrx_word' id='word_1_156' title='bbox 1026 2617 1245 2683; x_wconf 85' lang='lat' dir='ltr'>sententiarum</span> 
     </span>
     <span class='ocr_line' id='line_1_21' title="bbox 175 2731 1244 2824; baseline -0.001 -29"><span class='ocrx_word' id='word_1_157' title='bbox 175 2733 286 2820; x_wconf 86' lang='lat' dir='ltr'>petita.</span> <span class='ocrx_word' id='word_1_158' title='bbox 341 2735 487 2796; x_wconf 81' lang='lat' dir='ltr'>Primum</span> <span class='ocrx_word' id='word_1_159' title='bbox 514 2732 612 2812; x_wconf 83' lang='lat' dir='ltr'>enirn,</span> <span class='ocrx_word' id='word_1_160' title='bbox 637 2756 795 2824; x_wconf 88' lang='lat' dir='ltr'>quorsum</span> <span class='ocrx_word' id='word_1_161' title='bbox 823 2731 887 2797; x_wconf 82' lang='lat' dir='ltr'>lroe</span> <span class='ocrx_word' id='word_1_162' title='bbox 909 2749 941 2797; x_wconf 88' lang='lat' dir='ltr'>et</span> <span class='ocrx_word' id='word_1_163' title='bbox 967 2735 1034 2796; x_wconf 85' lang='lat' dir='ltr'>tuis</span> <span class='ocrx_word' id='word_1_164' title='bbox 1057 2745 1206 2824; x_wconf 89' lang='lat' dir='ltr'>spectant</span> <span class='ocrx_word' id='word_1_165' title='bbox 1223 2751 1244 2790; x_wconf 82' lang='lat' dir='ltr'>r·</span> 
     </span>
     <span class='ocr_line' id='line_1_22' title="bbox 176 2840 1243 2940; baseline -0.007 -24"><span class='ocrx_word' id='word_1_166' title='bbox 176 2846 249 2916; x_wconf 70' lang='lat'>34?</span> <span class='ocrx_word' id='word_1_167' title='bbox 301 2847 449 2926; x_wconf 73' lang='lat' dir='ltr'>Deimte,</span> <span class='ocrx_word' id='word_1_168' title='bbox 478 2850 551 2940; x_wconf 87' lang='lat' dir='ltr'>quis</span> <span class='ocrx_word' id='word_1_169' title='bbox 579 2847 711 2913; x_wconf 85' lang='lat' dir='ltr'>tandem</span> <span class='ocrx_word' id='word_1_170' title='bbox 741 2866 807 2927; x_wconf 89' lang='lat' dir='ltr'>cst,</span> <span class='ocrx_word' id='word_1_171' title='bbox 835 2849 890 2940; x_wconf 89' lang='lat' dir='ltr'>qui</span> <span class='ocrx_word' id='word_1_172' title='bbox 918 2847 987 2913; x_wconf 86' lang='lat' dir='ltr'>filio</span> <span class='ocrx_word' id='word_1_173' title='bbox 1014 2847 1101 2913; x_wconf 84' lang='lat' dir='ltr'>veile</span> <span class='ocrx_word' id='word_1_174' title='bbox 1125 2840 1243 2913; x_wconf 64' lang='lat' dir='ltr'>uxoiem</span> 
     </span>
     <span class='ocr_line' id='line_1_23' title="bbox 176 2952 1242 3054; baseline 0.001 -31"><span class='ocrx_word' id='word_1_175' title='bbox 176 2959 255 3025; x_wconf 82' lang='lat' dir='ltr'>dare</span> <span class='ocrx_word' id='word_1_176' title='bbox 279 2961 533 3052; x_wconf 82' lang='lat' dir='ltr'>Theuropidetu</span> <span class='ocrx_word' id='word_1_177' title='bbox 560 2962 700 3027; x_wconf 72' lang='lat' dir='ltr'>aicbat?</span> <span class='ocrx_word' id='word_1_178' title='bbox 765 2964 921 3054; x_wconf 89' lang='lat' dir='ltr'>Denique</span> <span class='ocrx_word' id='word_1_179' title='bbox 950 2961 1032 3054; x_wconf 89' lang='lat' dir='ltr'>quid</span> <span class='ocrx_word' id='word_1_180' title='bbox 1059 2980 1131 3043; x_wconf 87' lang='lat' dir='ltr'>est,</span> <span class='ocrx_word' id='word_1_181' title='bbox 1170 2952 1242 3054; x_wconf 82' lang='lat' dir='ltr'>quod</span> 
     </span>
     <span class='ocr_line' id='line_1_24' title="bbox 174 3074 1243 3170; baseline 0.002 -32"><span class='ocrx_word' id='word_1_182' title='bbox 174 3075 381 3167; x_wconf 79' lang='lat' dir='ltr'>respondere</span> <span class='ocrx_word' id='word_1_183' title='bbox 404 3077 494 3144; x_wconf 86' lang='lat' dir='ltr'>Simo</span> <span class='ocrx_word' id='word_1_184' title='bbox 522 3076 774 3170; x_wconf 83' lang='lat' dir='ltr'>Thouropideui</span> <span class='ocrx_word' id='word_1_185' title='bbox 801 3079 893 3143; x_wconf 86' lang='lat' dir='ltr'>iubet</span> <span class='ocrx_word' id='word_1_186' title='bbox 914 3105 941 3143; x_wconf 89' lang='lat' dir='ltr'>v.</span> <span class='ocrx_word' id='word_1_187' title='bbox 969 3079 1039 3156; x_wconf 70' lang='lat'>32,</span> <span class='ocrx_word' id='word_1_188' title='bbox 1071 3102 1138 3144; x_wconf 87' lang='lat' dir='ltr'>nec</span> <span class='ocrx_word' id='word_1_189' title='bbox 1168 3074 1243 3168; x_wconf 78' lang='lat' dir='ltr'>quit·</span> 
     </span>
     <span class='ocr_line' id='line_1_25' title="bbox 174 3182 1242 3286; baseline 0.006 -31"><span class='ocrx_word' id='word_1_190' title='bbox 174 3218 271 3283; x_wconf 89' lang='lat' dir='ltr'>quam</span> <span class='ocrx_word' id='word_1_191' title='bbox 299 3211 408 3256; x_wconf 85' lang='lat' dir='ltr'>tamen</span> <span class='ocrx_word' id='word_1_192' title='bbox 436 3219 476 3258; x_wconf 83' lang='lat' dir='ltr'>ex</span> <span class='ocrx_word' id='word_1_193' title='bbox 504 3218 543 3259; x_wconf 88' lang='lat' dir='ltr'>eo</span> <span class='ocrx_word' id='word_1_194' title='bbox 571 3194 723 3286; x_wconf 76' lang='lat' dir='ltr'>quaerit?</span> <span class='ocrx_word' id='word_1_195' title='bbox 781 3194 870 3284; x_wconf 84' lang='lat' dir='ltr'>Ergo</span> <span class='ocrx_word' id='word_1_196' title='bbox 905 3191 948 3257; x_wconf 88' lang='lat' dir='ltr'>dc</span> <span class='ocrx_word' id='word_1_197' title='bbox 974 3182 1094 3259; x_wconf 74' lang='lat' dir='ltr'>lacuna</span> <span class='ocrx_word' id='word_1_198' title='bbox 1126 3189 1242 3286; x_wconf 78' lang='lat' dir='ltr'>quidam</span> 
     </span>
     <span class='ocr_line' id='line_1_26' title="bbox 173 3305 1242 3401; baseline -0.005 -28"><span class='ocrx_word' id='word_1_199' title='bbox 173 3334 248 3373; x_wconf 89' lang='lat' dir='ltr'>cum</span> <span class='ocrx_word' id='word_1_200' title='bbox 275 3307 419 3372; x_wconf 86' lang='lat' dir='ltr'>dubitari</span> <span class='ocrx_word' id='word_1_201' title='bbox 443 3335 579 3400; x_wconf 86' lang='lat' dir='ltr'>prorsus</span> <span class='ocrx_word' id='word_1_202' title='bbox 606 3327 759 3401; x_wconf 87' lang='lat' dir='ltr'>nequeat,</span> <span class='ocrx_word' id='word_1_203' title='bbox 785 3310 850 3375; x_wconf 89' lang='lat' dir='ltr'>hoc</span> <span class='ocrx_word' id='word_1_204' title='bbox 871 3334 971 3372; x_wconf 90' lang='lat' dir='ltr'>unum</span> <span class='ocrx_word' id='word_1_205' title='bbox 987 3307 1084 3375; x_wconf 82' lang='lat' dir='ltr'>facile</span> <span class='ocrx_word' id='word_1_206' title='bbox 1099 3305 1242 3401; x_wconf 83' lang='lat' dir='ltr'>quispiam</span> 
     </span>
     <span class='ocr_line' id='line_1_27' title="bbox 172 3423 1241 3516; baseline 0.002 -27"><span class='ocrx_word' id='word_1_207' title='bbox 172 3425 361 3516; x_wconf 83' lang='lat' dir='ltr'>ambiguum</span> <span class='ocrx_word' id='word_1_208' title='bbox 398 3424 535 3501; x_wconf 82' lang='lat' dir='ltr'>dixerit,</span> <span class='ocrx_word' id='word_1_209' title='bbox 575 3444 705 3491; x_wconf 84' lang='lat' dir='ltr'>tautane</span> <span class='ocrx_word' id='word_1_210' title='bbox 745 3424 802 3489; x_wconf 81' lang='lat' dir='ltr'>itta</span> <span class='ocrx_word' id='word_1_211' title='bbox 847 3423 1001 3491; x_wconf 85' lang='lat' dir='ltr'>videatur</span> <span class='ocrx_word' id='word_1_212' title='bbox 1042 3449 1116 3490; x_wconf 87' lang='lat' dir='ltr'>esse</span> <span class='ocrx_word' id='word_1_213' title='bbox 1151 3440 1241 3516; x_wconf 64' lang='lat' dir='ltr'>possea</span> 
     </span>
     <span class='ocr_line' id='line_1_28' title="bbox 173 3536 1240 3632; baseline 0.003 -31"><span class='ocrx_word' id='word_1_214' title='bbox 173 3556 294 3631; x_wconf 84' lang='lat' dir='ltr'>quanta</span> <span class='ocrx_word' id='word_1_215' title='bbox 321 3541 419 3604; x_wconf 88' lang='lat' dir='ltr'>trium</span> <span class='ocrx_word' id='word_1_216' title='bbox 446 3557 477 3605; x_wconf 89' lang='lat' dir='ltr'>et</span> <span class='ocrx_word' id='word_1_217' title='bbox 502 3542 615 3632; x_wconf 84' lang='lat' dir='ltr'>viginti</span> <span class='ocrx_word' id='word_1_218' title='bbox 641 3566 795 3605; x_wconf 86' lang='lat' dir='ltr'>versuum</span> <span class='ocrx_word' id='word_1_219' title='bbox 824 3541 965 3631; x_wconf 87' lang='lat' dir='ltr'>spatium</span> <span class='ocrx_word' id='word_1_220' title='bbox 992 3557 1126 3630; x_wconf 89' lang='lat' dir='ltr'>aequet.</span> <span class='ocrx_word' id='word_1_221' title='bbox 1184 3536 1240 3604; x_wconf 70' lang='lat' dir='ltr'>Not!</span> 
     </span>
     <span class='ocr_line' id='line_1_29' title="bbox 173 3654 1259 3747; baseline -0.005 -27"><span class='ocrx_word' id='word_1_222' title='bbox 173 3681 255 3746; x_wconf 89' lang='lat' dir='ltr'>opus</span> <span class='ocrx_word' id='word_1_223' title='bbox 284 3680 355 3719; x_wconf 89' lang='lat' dir='ltr'>esse</span> <span class='ocrx_word' id='word_1_224' title='bbox 385 3672 432 3719; x_wconf 89' lang='lat' dir='ltr'>tot</span> <span class='ocrx_word' id='word_1_225' title='bbox 459 3657 607 3720; x_wconf 84' lang='lat' dir='ltr'>versibus</span> <span class='ocrx_word' id='word_1_226' title='bbox 634 3655 674 3720; x_wconf 87' lang='lat' dir='ltr'>ad</span> <span class='ocrx_word' id='word_1_227' title='bbox 704 3681 778 3720; x_wconf 90' lang='lat' dir='ltr'>eum</span> <span class='ocrx_word' id='word_1_228' title='bbox 804 3681 904 3747; x_wconf 92' lang='lat' dir='ltr'>quem</span> <span class='ocrx_word' id='word_1_229' title='bbox 919 3654 1124 3746; x_wconf 89' lang='lat' dir='ltr'>requirimus</span> <span class='ocrx_word' id='word_1_230' title='bbox 1139 3667 1259 3718; x_wconf 73' lang='lat' dir='ltr'>nerunt.</span> 
     </span>
     <span class='ocr_line' id='line_1_30' title="bbox 171 3768 1238 3863; baseline -0.003 -30"><span class='ocrx_word' id='word_1_231' title='bbox 171 3770 480 3861; x_wconf 84' lang='lat' dir='ltr'>redintegrandum,</span> <span class='ocrx_word' id='word_1_232' title='bbox 506 3771 542 3835; x_wconf 90' lang='lat' dir='ltr'>id</span> <span class='ocrx_word' id='word_1_233' title='bbox 569 3770 706 3863; x_wconf 86' lang='lat' dir='ltr'>quidem</span> <span class='ocrx_word' id='word_1_234' title='bbox 735 3771 881 3836; x_wconf 78' lang='lat' dir='ltr'>fortassis</span> <span class='ocrx_word' id='word_1_235' title='bbox 908 3768 1098 3861; x_wconf 85' lang='lat' dir='ltr'>largiamur.</span> <span class='ocrx_word' id='word_1_236' title='bbox 1137 3769 1238 3835; x_wconf 80' lang='lat' dir='ltr'>Contu</span> 
     </span>
     <span class='ocr_line' id='line_1_31' title="bbox 173 3886 1238 3978; baseline -0.003 -28"><span class='ocrx_word' id='word_1_237' title='bbox 173 3888 229 3950; x_wconf 87' lang='lat' dir='ltr'>ubi</span> <span class='ocrx_word' id='word_1_238' title='bbox 263 3905 400 3977; x_wconf 87' lang='lat' dir='ltr'>praeter</span> <span class='ocrx_word' id='word_1_239' title='bbox 434 3913 534 3952; x_wconf 75' lang='lat' dir='ltr'>arnum</span> <span class='ocrx_word' id='word_1_240' title='bbox 570 3886 663 3951; x_wconf 85' lang='lat' dir='ltr'>illum</span> <span class='ocrx_word' id='word_1_241' title='bbox 694 3887 805 3952; x_wconf 89' lang='lat' dir='ltr'>locum</span> <span class='ocrx_word' id='word_1_242' title='bbox 844 3888 898 3973; x_wconf 84' lang='lat' dir='ltr'>(et</span> <span class='ocrx_word' id='word_1_243' title='bbox 926 3910 1132 3978; x_wconf 85' lang='lat' dir='ltr'>eumquem</span> <span class='ocrx_word' id='word_1_244' title='bbox 1165 3898 1238 3950; x_wconf 71' lang='lat' dir='ltr'>anter</span> 
     </span>
     <span class='ocr_line' id='line_1_32' title="bbox 172 4000 1237 4096; baseline 0.003 -32"><span class='ocrx_word' id='word_1_245' title='bbox 172 4001 410 4096; x_wconf 82' lang='lat' dir='ltr'>indagavimus)</span> <span class='ocrx_word' id='word_1_246' title='bbox 439 4003 566 4095; x_wconf 86' lang='lat' dir='ltr'>aliquid</span> <span class='ocrx_word' id='word_1_247' title='bbox 593 4006 625 4066; x_wconf 93' lang='lat' dir='ltr'>in</span> <span class='ocrx_word' id='word_1_248' title='bbox 653 4004 714 4070; x_wconf 86' lang='lat' dir='ltr'>hac</span> <span class='ocrx_word' id='word_1_249' title='bbox 741 4021 809 4069; x_wconf 90' lang='lat' dir='ltr'>tota</span> <span class='ocrx_word' id='word_1_250' title='bbox 832 4028 933 4069; x_wconf 88' lang='lat' dir='ltr'>scena</span> <span class='ocrx_word' id='word_1_251' title='bbox 958 4000 1123 4068; x_wconf 80' lang='lat' dir='ltr'>excidisse</span> <span class='ocrx_word' id='word_1_252' title='bbox 1142 4000 1237 4067; x_wconf 68' lang='lat' dir='ltr'>dican,</span> 
     </span>
     <span class='ocr_line' id='line_1_33' title="bbox 172 4117 1235 4212; baseline -0.002 -29"><span class='ocrx_word' id='word_1_253' title='bbox 172 4144 307 4209; x_wconf 85' lang='lat' dir='ltr'>prorsus</span> <span class='ocrx_word' id='word_1_254' title='bbox 336 4146 402 4186; x_wconf 88' lang='lat' dir='ltr'>non</span> <span class='ocrx_word' id='word_1_255' title='bbox 429 4120 550 4188; x_wconf 81' lang='lat' dir='ltr'>habeo.</span> <span class='ocrx_word' id='word_1_256' title='bbox 603 4121 782 4198; x_wconf 77' lang='lat' dir='ltr'>Haberent,</span> <span class='ocrx_word' id='word_1_257' title='bbox 809 4122 835 4184; x_wconf 91' lang='lat' dir='ltr'>si</span> <span class='ocrx_word' id='word_1_258' title='bbox 864 4117 906 4183; x_wconf 91' lang='lat' dir='ltr'>dc</span> <span class='ocrx_word' id='word_1_259' title='bbox 924 4121 1076 4212; x_wconf 87' lang='lat' dir='ltr'>proxima</span> <span class='ocrx_word' id='word_1_260' title='bbox 1096 4130 1235 4212; x_wconf 57' lang='lat' dir='ltr'>ageretur,</span> 
     </span>
     <span class='ocr_line' id='line_1_34' title="bbox 174 4233 1236 4333; baseline 0 -39"><span class='ocrx_word' id='word_1_261' title='bbox 174 4234 227 4295; x_wconf 76' lang='lat' dir='ltr'>abi</span> <span class='ocrx_word' id='word_1_262' title='bbox 258 4233 299 4297; x_wconf 87' lang='lat' dir='ltr'>dc</span> <span class='ocrx_word' id='word_1_263' title='bbox 327 4234 453 4299; x_wconf 69' lang='lat' dir='ltr'>lacuatis</span> <span class='ocrx_word' id='word_1_264' title='bbox 478 4262 552 4300; x_wconf 89' lang='lat' dir='ltr'>cum</span> <span class='ocrx_word' id='word_1_265' title='bbox 573 4235 650 4300; x_wconf 86' lang='lat' dir='ltr'>alibi</span> <span class='ocrx_word' id='word_1_266' title='bbox 679 4236 953 4327; x_wconf 77' lang='lat' dir='ltr'>cogitat-ipotcst,</span> <span class='ocrx_word' id='word_1_267' title='bbox 981 4252 1048 4299; x_wconf 90' lang='lat' dir='ltr'>tum</span> <span class='ocrx_word' id='word_1_268' title='bbox 1065 4259 1133 4300; x_wconf 90' lang='lat' dir='ltr'>non</span> <span class='ocrx_word' id='word_1_269' title='bbox 1148 4234 1236 4333; x_wconf 73' lang='lat' dir='ltr'>potest</span> 
     </span>
     <span class='ocr_line' id='line_1_35' title="bbox 171 4338 1235 4443; baseline -0.001 -30"><span class='ocrx_word' id='word_1_270' title='bbox 171 4372 238 4413; x_wconf 90' lang='lat' dir='ltr'>non</span> <span class='ocrx_word' id='word_1_271' title='bbox 272 4351 406 4438; x_wconf 82' lang='lat' dir='ltr'>cogitari</span> <span class='ocrx_word' id='word_1_272' title='bbox 441 4369 518 4441; x_wconf 86' lang='lat' dir='ltr'>post</span> <span class='ocrx_word' id='word_1_273' title='bbox 545 4379 572 4418; x_wconf 88' lang='lat' dir='ltr'>v.</span> <span class='ocrx_word' id='word_1_274' title='bbox 601 4354 622 4418; x_wconf 70' lang='lat' dir='ltr'>Q</span> <span class='ocrx_word' id='word_1_275' title='bbox 650 4369 682 4417; x_wconf 89' lang='lat' dir='ltr'>et</span> <span class='ocrx_word' id='word_1_276' title='bbox 708 4369 785 4443; x_wconf 87' lang='lat' dir='ltr'>post</span> <span class='ocrx_word' id='word_1_277' title='bbox 811 4353 877 4418; x_wconf 86' lang='lat'>37:</span> <span class='ocrx_word' id='word_1_278' title='bbox 914 4348 1007 4441; x_wconf 89' lang='lat' dir='ltr'>quod</span> <span class='ocrx_word' id='word_1_279' title='bbox 1041 4338 1173 4442; x_wconf 76' lang='lat' dir='ltr'>longum</span> <span class='ocrx_word' id='word_1_280' title='bbox 1200 4348 1235 4404; x_wconf 63' lang='lat'>6⁵⁵</span> 
     </span>
    </p>
   </div>
   <div class='ocr_carea' id='block_1_5' title="bbox 0 0 1440 4942">
    <p class='ocr_par' dir='ltr' id='par_1_5' title="bbox 0 0 1440 4942">
     <span class='ocr_line' id='line_1_36' title="bbox 0 0 1440 4942; baseline 0 4"><span class='ocrx_word' id='word_1_281' title='bbox 0 0 1440 4942; x_wconf 95' lang='lat' dir='ltr'> </span> 
     </span>
    </p>
   </div>
  </div>
 </body>
</html>
