2872 4942
213 160 228 187 0

161 334 209 406 40
409 365 432 404 ι.
460 362 502 406 os
530 358 645 408 narrt
674 364 802 421 ruerat
829 367 1021 412 sommare.

164 556 267 606 tatum
294 555 365 618 est,
403 554 512 604 tamen
546 539 683 604 minime
711 537 829 605 dubito
857 539 937 630 quin
965 538 1081 605 saitem
1107 539 1144 604 in
1166 559 1257 607 veto-

165 654 323 723 ?ttioribus
357 679 423 721 uno
459 653 582 749 pusillo
617 666 751 744 puncto
770 653 899 719 sublato
927 635 1065 722 Maecio
1092 654 1257 720 inventuri

103 827 106 831 .
167 770 250 849 sint,
286 771 399 862 siqui
429 768 471 834 ad
498 770 556 834 has
582 769 735 837 minutias
760 767 873 834 volent
898 770 1042 834 animum
1070 768 1257 839 advertere.
1298 836 1303 849 ,

167 880 238 950 Sed
273 903 309 950 ut
348 909 433 952 non
464 902 661 952 succurrant
686 881 839 949 codices:
866 901 955 950 esto:
982 881 1034 950 vel
1059 885 1107 951 sic
1133 900 1258 949 motum

166 1000 260 1065 abest
292 1018 329 1087 ut
360 1018 507 1067 nostram
542 1001 740 1065 sententiam
767 999 865 1064 Plinii
892 999 1067 1065 auctoritas
1092 998 1260 1092 infringet,

167 1131 204 1180 ut
243 1139 362 1207 magno
406 1116 437 1182 ei
472 1113 642 1207 praesidio
671 1115 926 1206 certissimoque
953 1114 1162 1181 munimento
1192 1113 1261 1180 exi-

166 1248 239 1297 stat
291 1232 531 1299 Necessitatem
572 1230 661 1296 enim
691 1230 726 1294 in
757 1228 849 1294 illam
883 1229 1030 1320 speciem
1072 1226 1263 1322 corrigendi

168 1343 330 1436 Bergiius
359 1344 574 1439 epraeclara
598 1344 830 1410 observatione
856 1341 999 1435 quadam
1016 1368 1080 1410 sua
1109 1344 1174 1410 hac
1201 1338 1264 1409 tlu-

169 1459 226 1539 xit‚
255 1458 348 1551 quod
373 1483 544 1552 nunquam
570 1457 696 1524 Plinius
726 1461 761 1522 in
784 1457 835 1522 his
862 1456 998 1548 quidem
1024 1447 1197 1525 indicibus
1214 1458 1273 1537 joi·

171 1572 240 1665 mul
264 1597 402 1654 nomeu,
428 1598 635 1665 praenomen
652 1590 697 1671 ¹et
723 1596 911 1664 cognomen
933 1574 1094 1666 cuiusque
1121 1572 1268 1666 scripto·

171 1689 218 1756 ris
244 1689 397 1768 iunxerit,
422 1714 540 1755 serum
569 1706 624 1755 aut
649 1712 750 1753 onum
777 1705 902 1755 tantum
928 1690 1081 1780 posuerit
1101 1706 1158 1755 aut
1175 1704 1267 1757 certe

171 1802 338 1869 binarium
370 1805 542 1878 nominum
579 1828 754 1868 numerum
796 1827 864 1870 non
908 1805 1099 1872 excesserit.
1150 1801 1268 1889 Qualis

173 1917 356 1982 constantia
395 1943 494 2008 quam
529 1918 594 1982 vim
628 1917 749 1982 habeat
780 1917 814 1980 in
841 1934 905 1982 tam
931 1919 1066 1982 immani
1092 1917 1268 1983 nominum

174 2029 399 2111 multitudine,
426 2030 521 2097 facile
547 2033 778 2124 unusquisque
804 2034 911 2098 sentit
946 2032 974 2097 Α
998 2013 1270 2125 certissimaiego

174 2144 254 2211 duo-
281 2162 407 2211 tantum
440 2146 593 2238 exempla
626 2146 810 2217 recedunt:
848 2146 907 2213 lib.
943 2148 1092 2239 XXXV,
1130 2173 1168 2239 p.
1200 2144 1270 2215 1¹6

173 2259 292 2326 Cassio
319 2259 447 2327 Severo
473 2260 696 2350 Longulano,
736 2287 820 2352 quae
847 2259 984 2352 quidem
1010 2260 1174 2356 Bergkiup
1199 2284 1278 2328 non.

162 2377 282 2452 unius,
316 2373 375 2440 sed
408 2374 551 2441 duorum
582 2375 753 2440 hominum
790 2376 925 2439 uomina
962 2400 1033 2440 esse
1058 2371 1142 2441 vidit
1162 2376 1270 2445 inter-

72 2511 74 2514 ’
168 2487 354 2579 pungendo
382 2486 584 2571 dirimenda3
621 2488 760 2555 alterum
783 2486 841 2551 lib.
869 2489 927 2568 111,
953 2514 988 2579 Ρ.
1016 2491 1064 2556 ‘22
1096 2490 1136 2555 L·
1161 2485 1268 2555 Ateio

172 2603 354 2693 Capitone,
381 2602 475 2694 quod
503 2582 716 2693 exemphim,
753 2626 828 2667 cnm
853 2601 1044 2694 longiorem
1067 2602 1268 2694 disputatio·

94 2726 101 2735 “
162 2736 244 2778 nem
273 2717 434 2805 requirat,
451 2715 656 2806 propediem
681 2740 717 2781 se
742 2714 975 2806 expediturum
1003 2716 1178 2807 professus
1204 2734 1266 2783 est.

271 2825 464 2892 Cavendum
486 2847 606 2906 autem,
633 2854 675 2893 ne
704 2830 739 2892 in
763 2826 958 2893 alterutram
981 2848 1119 2920 partem·
1139 2830 1266 2929 Festi

169 2938 340 3004 notatione
378 2963 414 3029 p·
442 2940 512 3007 359
545 2943 590 3005 Μ.
623 2959 731 3005 utare:
784 2942 970 3036 Tammodo
996 2948 1133 3033 antiqui
1152 2930 1265 3032 pitic-

132 3054 136 3059 ’
172 3050 257 3117 bant
276 3075 341 3141 pro
365 3051 485 3125 modo,
512 3069 548 3117 ut
569 3051 704 3118 Attius:
747 3056 933 3147 Tqmmodo
970 3062 1081 3147 inquit
1105 3054 1266 3131 stactae-

168 3171 303 3231 otinus.·
342 3168 433 3247 Quae
462 3168 562 3233 verbi
591 3193 663 3232 curn
688 3170 753 3232 sint
777 3169 966 3236 Trinummi
992 3172 1056 3250 ΙΙΙ,
1086 3179 1122 3252 Ι,
1148 3174 1174 3242 9
1183 3162 1205 3261 ,‘
1217 3166 1266 3239 sn·

170 3277 235 3344 cile
271 3280 438 3370 quispiam
473 3299 528 3346 aut
561 3279 604 3345 de
631 3276 789 3349 Maccius
814 3283 1147 3375 formareponenda
1172 3288 1265 3378 cogi-

169 3408 225 3470 tet,
253 3409 308 3457 aut
329 3393 455 3459 Attium
481 3392 548 3457 dici
574 3396 620 3458 M.
640 3396 767 3460 Attium
794 3395 945 3463 Plautum
973 3399 1036 3462 sibi
1052 3398 1264 3488 persuadeat.

170 3503 214 3568 At
247 3529 307 3592 ne⁴
327 3492 394 3570 uno
423 3504 562 3596 quidem
587 3506 741 3598 exemplo
769 3510 809 3572 ab
836 3507 905 3575 ullo
932 3512 1145 3601 grammatico
1162 3510 1264 3575 -hunc

168 3633 304 3707 poetam
327 3614 391 3682 alio
412 3636 512 3708 atque
529 3616 676 3685 Plautus
700 3622 846 3715 nomine
866 3641 1162 3688 commemoratum
1190 3646 1263 3688 esse
1300 3706 1303 3711 Ι

169 3752 270 3823 supra
299 3731 469 3821 apparuit:
497 3750 532 3796 ut
557 3756 710 3822 prorsus⁸
722 3733 865 3815 fallatur,
893 3737 951 3826 qui
977 3737 1182 3803 contrarium
1205 3737 1263 3802 ob-

169 3866 264 3908 scura
287 3843 535 3926 recordatione,
563 3845 607 3910 ad
632 3847 743 3937 ipsum
768 3849 834 3915 hoc
856 3849 946 3914 Festi
976 3850 1204 3916 testimonio!
1228 3865 1261 3913 ut

168 3955 312 4022 arbitror
335 3976 519 4048 spectante,
547 3976 685 4039 testatur
710 3960 864 4028 Osannus
879 3963 970 4028 Diar.
992 3965 1095 4054 antiq.
1123 3962 1211 4028 stud.
1233 3958 1256 4024 a.

172 4066 265 4136 1836
292 4095 327 4160 p.
343 4068 424 4139 990.
463 4071 570 4138 Attius
597 4072 655 4138 ille
680 4073 868 4142 credendus
892 4074 1139 4165 tragoediarum
1155 4090 1255 4167 poeta,

168 4179 241 4245 solo
278 4207 394 4250 errore
417 4209 482 4275 pro
509 4184 625 4252 Plauto
658 4190 804 4278 positus,
848 4184 1138 4280 iucntadmodum
1166 4189 1253 4255 etiam

166 4293 281 4375 Ennii,
312 4297 450 4380 Naevii,
484 4299 632 4381 Pacuvii,
668 4299 809 4368 aliorum
836 4321 1011 4394 poetarum
1036 4305 1172 4374 nomina
1194 4318 1257 4367 non
