2872 4942
161 366 235 443 486
369 395 435 437 νιιι.
487 394 529 435 ne
557 368 703 437 rvrraro
728 360 900 437 scrssiwu
928 395 1050 438 orasse

162 567 240 638 Sive
267 550 357 636 enim
380 593 454 634 esse
486 572 649 662 passivam
681 568 823 636 sormam
857 567 1145 654 crediderunt*),
1176 569 1231 635 sive

162 710 236 752 cum
264 688 367 752 activo
398 684 480 750 strui
503 672 651 775 pot'uisse
675 684 822 750 desitum
841 701 893 750 est
907 703 1081 776 putarunt,
1103 685 1233 777 turpiter

161 801 247 893 lapsi
274 819 366 866 sunt:
393 800 516 866 nedum
546 801 702 894 coniungi
727 818 908 893 utrumque
932 826 1038 894 genus
1054 802 1147 868 verbi
1168 825 1233 894 pos·

160 919 210 982 sit
236 919 278 983 Et
291 942 433 987 ‚versum
461 915 597 1009 quidem
617 913 664 986 43
684 915 857 1009 praeclare
872 917 1115 984 Ambrosianus
1141 915 1233 985 codex

160 1028 288 1111 sanat?
309 1033 343 1096 in
371 1056 446 1131 qquo
463 1035 526 1098 ¹est
547 1035 703 1123 potarier
738 1055 802 1123 pro
832 1057 904 1097 csse
931 1047 965 1096 et
991 1028 1075 1097 bibi:
1110 1028 1234 1124 reliquis

159 1147 309 1213 versibus
327 1146 410 1240 quid
435 1146 493 1213 ille
520 1148 681 1239 scriptum
704 1165 822 1226 teneat,
850 1145 1001 1215 discerni
1030 1148 1162 1240 nequit,
1183 1146 1236 1212 uisi

163 1261 256 1354 quod
282 1289 311 1330 v.
324 1264 368 1330 41
397 1262 502 1329 habet
525 1278 706 1355 postquam
727 1287 875 1354 peregre
899 1263 990 1330 illius
1011 1279 1129 1355 pater.
1159 1257 1236 1344 Quid

162 1377 290 1444 multa?
326 1379 423 1445 etiam
458 1378 531 1445 sine
565 1378 660 1444 libris
687 1402 756 1444 non
782 1376 972 1471 dubitamus
995 1377 1236 1471 pristinamhis

58 1562 61 1567 Δ
166 1495 319 1560 versibus
345 1493 487 1561 sormam
513 1495 561 1561 sic
587 1495 788 1561 restituere:

286 1631 347 1678 ΤΗ.
373 1594 521 1701 Egone?
561 1629 614 1679 Su.
641 1625 687 1676 tu.
737 1592 798 1678 Μ’.
827 1633 871 1674 ne
896 1601 933 1674 tu'
960 1608 1149 1676 molestu's:
1172 1600 1234 1674 siste
1276 1672 1278 1681 ,

657 1750 710 1790 me
736 1750 811 1790 cum
833 1720 941 1817 puero'
967 1725 1069 1816 loqui.

192 1834 238 1908 40
288 1834 397 1905 Ndmo
424 1838 566 1906 habitat.
618 1862 681 1908 ΡΗ.
707 1838 843 1906 habitdt
865 1843 1046 1933 profecto:
1074 1839 1155 1907 adm
1175 1839 1237 1904 iteri
1276 1818 1278 1911 i

662 1972 696 2022 et
721 1955 846 2022 nudius
872 1950 1006 2030 tristius,

292 2067 455 2163 Quoiam,
482 2075 633 2163 quintus,
657 2066 787 2149 sixtus,
813 2097 929 2166 usque,
951 2064 1133 2164 po'stquam
1149 2091 1233 2164 perc·

661 2214 725 2280 gre
750 2189 831 2256 irinc
852 2184 923 2255 e'ius
943 2205 1047 2281 pater

290 2286 419 2378 wit,
460 2327 635 2395 nunquam
671 2299 822 2370 triduum
856 2330 959 2371 unum
991 2299 1168 2370 distruunt
1187 2319 1236 2394 p⁰²

666 2418 786 2488 ta'rier.

291 2560 352 2605 Tu·
375 2532 470 2627 Quid
487 2541 538 2602 ais
559 2532 756 2625 [tandemi]
783 2559 846 2607 ΡΗ.
863 2530 1014 2602 triduum
1042 2558 1145 2623 utrum
1161 2525 1236 2596 haud

668 2648 740 2718 e'sse
774 2643 1003 2719 intermissum
1028 2645 1085 2716 tic
1112 2647 1185 2729 bibi,

292 2763 417 2833 Sco'rta
439 2766 531 2841 disci,
554 2764 790 2860 pergraecari,
806 2762 995 2854 fidicinas,
1023 2758 1181 2830 tibicinas
1275 2782 1278 2857 1

195 2880 242 2951 45
297 2878 460 2950 Cduduci.
510 2908 570 2953 Tu.
597 2890 671 2976 qttis
699 2879 1000 2971 madefaciebat?
1023 2907 1050 2947 c.
1075 2893 1156 2974 q.'s.
1271 2870 1278 2993 1

172 2999 289 3069 V.er
316 3001 450 3068 habitat
472 3007 633 3095 profecto
661 3029 679 3069 e
707 3002 882 3070 Decurtati
909 3001 1070 3067 memoria
1095 2999 1177 3064 haec
1195 3007 1233 3059 tat
1276 3004 1278 3035 ¹

170 3122 331 3211 profecto
368 3137 466 3213 tecte⁸
494 3118 674 3185 effecerunt
708 3117 799 3198 Itali,
835 3116 967 3184 unde
957 3142 993 3182 m
1023 3117 1118 3209 Lips.
1144 3080 1278 3180 etad..
1274 3148 1278 3265 1

175 3218 281 3324 piffi'c.
308 3236 452 3299 transiit:
480 3253 579 3327 atque
608 3237 703 3343 etiarn
727 3236 762 3299 in
787 3235 933 3315 Vetere,
961 3258 979 3299 e
1007 3257 1076 3325 quo
1103 3231 1176 3296 Item
1197 3230 1234 3292 ita
1275 3270 1278 3367 1

173 3374 217 3441 pr
219 3354 335 3431 ofecto
359 3350 518 3430 affer·tu1‚
558 3368 592 3417 ct
624 3335 675 3415 em
699 3349 831 3416 litterae
858 3367 976 3416 suntc
1004 3364 1192 3439 correcto}
1213 3355 1278 3433 tt

176 3490 240 3530 una
267 3465 376 3557 liptera
405 3493 496 3531 erasa
524 3485 601 3557 post
626 3471 684 3532 ita.
751 3465 823 3533 Sed
855 3465 950 3531 aliter
974 3465 1061 3532 haec
1088 3491 1126 3531 ac
1150 3436 1278 3550 taigu'

176 3581 221 3645 ita
255 3580 392 3673 quidem
429 3599 463 3646 ut
493 3580 654 3659 fecimus,
693 3583 848 3674 personis
887 3577 1122 3646 distribuenda
1156 3586 1278 3667 erant

175 3695 276 3764 V.tt
305 3700 340 3761 in
365 3696 461 3767 libris
490 3714 540 3761 cst
565 3697 644 3762 ltine
667 3722 823 3789 peregre.
874 3699 939 3762 Pro
966 3700 1039 3760 cius
1064 3690 1157 3788 quod
1177 3695 1238 3758 Am·

175 3814 267 3879 bros.
294 3814 382 3878 illius
408 3811 525 3902 prodit
550 3816 670 3880 omisso
694 3813 784 3893 irinc,
806 3812 842 3878 id
868 3838 963 3878 usum
985 3835 1055 3877 non
1076 3810 1189 3887 habet:
1210 3825 1236 3867 ac

179 3954 279 4021 saepe
307 3928 396 4021 apud
413 3928 564 3995 Plautum
591 3930 645 3994 hic
670 3949 702 3996 ct
728 3930 783 3994 ille
808 3928 1064 4021 pronominibus
1091 3938 1237 4019 permuta-

180 4044 219 4106 tis
248 4062 401 4109 erratum.
462 4045 502 4111 V.
529 4041 577 4112 42
614 4071 717 4109 utrum
740 4046 815 4111 Vct.
841 4071 885 4109 m.
911 4069 998 4123 sca,
1034 4042 1125 4134 Lips.
1149 4036 1237 4104 Princ.

182 4164 217 4222 ia
244 4186 346 4225 istrum
368 4163 441 4227 Vct.
470 4189 510 4225 m.
535 4188 596 4253 pr„
622 4165 703 4228 Dec.
720 4203 766 4215 -
791 4161 936 4226 desitum
962 4183 1035 4225 esse
1060 4175 1095 4226 et
1117 4154 1182 4222 bibi
1201 4157 1237 4215 eti

174 4319 474 4337 Μ

239 4391 262 4458 ¹)
285 4388 357 4440 Nunc
376 4389 453 4441 video
472 4390 535 4442 adca
555 4393 604 4443 essi
621 4391 734 4442 suasisse
754 4388 910 4443 taurinum.
