2872 4942
158 406 233 478 414
575 434 631 480 vn.
656 433 699 475 nn
727 434 841 477 amru

160 604 271 671 hausit
292 601 481 670 scientiam?
530 602 711 669 Enimvero
736 601 779 668 dc
805 628 870 696 qua
895 626 960 668 una
986 626 1103 671 caussa
1125 629 1170 671 ue
1187 629 1233 683 no·

161 720 214 786 bis
237 717 376 812 quidem
399 716 549 784 iudicare
573 736 728 810 negatum
755 735 814 799 cst,
841 714 929 812 quae
946 719 1087 812 quidem
1106 723 1237 814 pertinet

163 834 207 903 ad
241 835 343 929 ipsius
377 833 508 900 fabulae
542 853 792 927 argumentum,
819 858 907 913 eam,
942 837 971 900 si
1002 834 1038 902 id
1066 838 1238 930 sequimur,

162 949 254 1045 quod
279 949 455 1043 probabile
480 949 634 1016 videatur
661 974 745 1031 esse,
772 951 806 1014 in
833 951 1033 1017 contrariam
1047 955 1241 1046 potiuspar·

160 1070 238 1137 tem'·
253 1066 364 1135 valere
389 1065 630 1159 intelligemus,
667 1066 741 1143 ubi,
764 1054 876 1157 vquam
910 1066 952 1132 sit
973 1064 1028 1133 vel
1054 1066 1241 1161 expeditum

160 1180 216 1252 vel
241 1204 310 1248 nou
336 1180 530 1274 expeditum
552 1179 755 1248 Bacchidum
788 1197 1046 1272 argumentum,
1067 1184 1242 1277 quaciari-

160 1322 243 1363 mus.
303 1295 375 1364 Sed
407 1314 518 1365 tamen
552 1295 769 1362 concedimus
802 1286 1036 1387 disputationis
1068 1322 1241 1365 summam:

161 1411 379 1481 concedimus
411 1411 536 1478 nullam
560 1412 676 1478 Plauto
710 1411 811 1477 luisse
835 1410 968 1504 prologi
991 1413 1173 1482 scribendi
1192 1440 1243 1480 ne·

163 1531 362 1610 cessitatem,
391 1528 492 1595 etad
518 1529 660 1594 alterum
685 1527 799 1595 locum
818 1526 1061 1620 progredimur
1076 1554 1244 1622 argumen-

163 1647 294 1712 tationis
317 1645 501 1715 Rostianae.
551 1647 670 1736 Neque
706 1648 795 1709 enim
827 1641 1007 1733 abruptum
1016 1644 1175 1730 fabulae
1197 1649 1243 1712 in·

164 1764 261 1827 itiam
286 1765 410 1826 iustam
435 1760 590 1855 caussam
611 1759 778 1853 praebere
804 1758 847 1823 de
868 1763 940 1823 eins
965 1760 1243 1851 integritatedn«

162 1873 301 1942 ditandi
307 1903 319 1955 ,·
344 1878 565 1962 manifestum
591 1901 664 1942 esse
690 1881 761 1941 eius
786 1873 981 1948 Bacchidis,
1005 1898 1030 1938 a
1057 1881 1155 1943 cuites
1181 1898 1242 1944 rer-

162 1990 214 2058 bis
229 1991 388 2058 ordiatur
399 1991 542 2079 fabula,
567 2016 720 2058 sororem
745 2008 852 2055 antea
872 1988 974 2055 verba
994 1991 1129 2085 aliqua,
1150 2015 1242 2086 eaque

164 2131 236 2174 non
257 2132 370 2201 pauca
381 2111 530 2196 jecisse:
563 2108 627 2173 sed
663 2109 727 2175 boc
752 2112 818 2173 etsi
838 2123 945 2197 poeta
968 2132 1174 2198 persuasum
1195 2132 1241 2174 cn-

160 2229 266 2322 pierit
297 2223 567 2317 spectatoribus,
596 2242 713 2290 tamen
747 2249 819 2289 non
856 2229 892 2288 in
926 2247 1032 2287 scena
1057 2224 1158 2306 fieri,
1192 2220 1242 2289 sed

163 2346 360 2438 priusquam
384 2343 490 2408 velum
514 2340 654 2407 caderet
675 2345 811 2423 facturn
838 2342 988 2429 cogitari
1007 2362 1086 2404 eum
1102 2342 1239 2407 volume.

164 2462 243 2527 Hoc
273 2447 365 2525 enim
399 2456 484 2523 illud
516 2481 588 2522 esse
615 2457 818 2544 artificium,
857 2480 922 2546 quo
954 2454 1100 2523 illudere
1134 2473 1238 2549 poetas

125 2574 128 2586 “
163 2572 432 2668 spectatoribus,
468 2590 505 2638 ut
535 2578 573 2638 in
606 2598 678 2638 rem
708 2590 926 2664 praesentem
958 2575 995 2640 lai
1020 2578 1161 2649 venire,
1190 2594 1239 2638 nec

165 2690 325 2783 agendae
339 2689 509 2777 fabulae,
542 2688 606 2754 sed
631 2693 684 2754 rei
706 2689 883 2779 gerendae
907 2715 983 2756 sese
1004 2696 1174 2757 interesse
1194 2710 1239 2752 ar·

167 2807 357 2885 bitrentur,·
382 2803 570 2872 cuiusmodi
584 2803 789 2892 fabularum
813 2805 1060 2872 ordiendarum
1087 2811 1238 2872 rationem
1266 2896 1269 2900 Δ

167 2940 201 2990 et
224 2923 405 3014 plurimum
431 2921 556 2987 babere
579 2925 717 3012 gratiae
744 2937 778 2986 et
804 2921 979 2998 lenocinii,
1007 2947 1073 2988 nec
1095 2946 1118 2986 a
1133 2922 1236 2988 Plana

169 3039 363 3129 neglectam
387 3036 471 3104 alibi
491 3062 582 3117 csse,
605 3054 642 3102 nt
666 3033 871 3113 Asinariae‚
896 3039 1047 3105 Carinae
1073 3056 1109 3105 et
1136 3032 1236 3106 Cirtal·

169 3154 277 3219 lariae
295 3157 420 3241 initiis.
470 3153 598 3233 Adiici,
637 3170 674 3217 ut
698 3154 859 3232 arbitror,
888 3153 951 3219 alia
981 3155 1135 3248 exempla
1160 3152 1237 3219 Plau·

171 3272 236 3335 tina
261 3287 474 3361 potuerant,
495 3268 553 3334 sed
582 3271 645 3334 lroc
672 3270 782 3360 ipsum
808 3270 998 3360 quaeritur,
1025 3296 1132 3352 num,
1165 3261 1237 3363 quod

170 3385 344 3452 artificium
371 3385 549 3451 aPlautina
577 3404 647 3451 arte
674 3386 810 3450 minime
837 3385 1023 3454 abhorrere
1044 3407 1080 3455 et
1099 3412 1161 3455 nos
1176 3406 1237 3451 con·

172 3500 322 3568 cedimus
348 3500 533 3567 liberaliter
557 3526 622 3566 nec
647 3503 821 3593 quisquam
849 3505 988 3593 negavit,
1022 3497 1237 3570 convenietin

169 3616 363 3697 Bacchides,
391 3643 432 3682 an
459 3618 556 3683 huius
581 3614 712 3681 fabulae
738 3615 911 3709 singularis
939 3617 1105 3710 quaedam
1123 3611 1238 3685 ratiosil

172 3751 206 3799 et
237 3735 273 3799 iu
305 3735 378 3826 ipsa
413 3731 628 3799 similitudine
663 3729 921 3798 dissimilitudo?
973 3732 1044 3800 Sed
1081 3742 1239 3800 tamenn

173 3851 272 3915 ctiam
305 3851 372 3916 hoc
404 3849 582 3943 largiamur
614 3849 725 3938 potius
748 3848 989 3941 aliquantisper
1015 3874 1115 3942 quam
1139 3866 1239 3915 conce·

172 3963 303 4046 damus,
336 3966 418 4059 quid
451 3965 585 4032 tandem
617 3966 772 4031 binorum
802 3966 832 4028 vi
867 3983 1136 4057 argumentorum
1160 3956 1240 4028 effici·

172 4084 245 4148 tur?
295 4083 386 4149 Nihil
411 4083 563 4174 profecto
591 4080 691 4159 aliud,
716 4082 779 4144 nisi
804 4106 922 4171 parum
950 4080 1092 4147 idoneas
1117 4075 1240 4145 Antonio

172 4199 378 4263 Panormitae
404 4199 490 4264 male
514 4197 621 4263 seduli
646 4195 770 4262 laboris
800 4222 928 4261 caussas
954 4196 1071 4280 suisse3
1098 4199 1241 4285 integram

172 4308 291 4375 haberi
312 4311 419 4380 Plauti
445 4313 589 4379 fabulam
617 4313 781 4404 probatur
806 4312 956 4377 minime.
1009 4313 1105 4397 Quae
1131 4309 1244 4399 reliqua

173 4441 264 4502 sunt,
291 4427 329 4492 iis
352 4451 421 4494 non
446 4447 512 4495 tam
537 4430 684 4520 probare
712 4428 907 4494 sententiam
933 4452 1045 4504 suam,
1063 4453 1171 4522 -quam
1194 4420 1243 4489 de·
