2872 4942
167 347 217 418 62
513 365 545 407 u.
568 366 611 408 nc
638 364 766 412 tertre
792 361 920 408 enters.

162 556 249 616 set,
271 536 421 606 scribere
441 536 585 620 fabular
609 536 769 602 solitus
800 560 843 602 ac
864 532 1025 602 rendere.
1076 530 1168 599 lllnd
1192 532 1245 625 igi-

163 675 219 723 tur
244 655 271 720 si
297 673 457 734 tenemus,
482 678 527 721 ne
555 651 599 718 de
627 674 745 718 corum
774 650 913 745 quidem
929 650 1105 728 sententia,
1132 648 1247 740 quibos

163 771 252 838 circa
273 794 397 835 annum
423 769 494 841 537
520 769 554 833 in
578 765 751 858 publicum
772 765 928 857 prodisse
955 780 1054 857 poeta
1079 765 1170 831 visus
1196 780 1248 843 est,

160 901 276 978 potest
298 900 376 976 post
400 909 430 956 a.
455 883 527 953 507
552 898 647 948 natus
676 904 760 946 csse.
810 882 852 946 Et
881 898 993 946 tamen
1015 902 1081 947 nec
1105 876 1181 946 ullo
1204 898 1251 944 ar-

162 990 323 1093 gumento
354 998 547 1066 consutile
573 994 705 1075 sabulis,
740 1020 829 1088 quae
855 996 1071 1087 superstitum
1093 993 1252 1087 antiquis·

161 1115 265 1180 simae
291 1114 478 1193 habentur,
512 1136 581 1179 non
618 1110 781 1178 exstitisse
809 1111 908 1176 etiam
934 1110 1141 1203 antiquiores
1167 1132 1254 1176 cotn-

160 1225 295 1320 plures,
328 1244 362 1294 et
392 1244 473 1296 vero
506 1245 576 1294 tres
602 1226 771 1292 etiamtum
794 1225 830 1289 in
851 1224 994 1317 pistrino
1017 1223 1164 1315 scriptas
1184 1222 1252 1315 ipre

162 1341 292 1409 Gellius
314 1358 461 1411 testatur.
511 1341 562 1408 Eo
595 1341 698 1434 igitur
733 1337 910 1405 similiores
935 1340 1006 1406 reri
1029 1354 1167 1405 nostros
1192 1336 1256 1405 erl-

164 1454 259 1524 eulos
272 1473 439 1548 putamus,
456 1452 642 1522 secuudum
660 1477 746 1547 quos
771 1451 951 1519 Plautus
977 1454 1100 1520 cirea
1124 1452 1259 1549 ipsu·

59 1583 61 1587 ’
162 1572 336 1638 initium
357 1569 531 1638 saeculi
553 1570 818 1649 sexti'natus,
836 1566 964 1634 fabulas
990 1566 1251 1663 docerecoeps·

162 1687 206 1753 rit
224 1686 298 1753 lere
322 1687 528 1764 tricenarius,
560 1682 643 1751 inde
666 1685 708 1751 ab
735 1681 776 1752 co
801 1700 913 1749 autem
934 1702 1089 1776 tempore
1114 1700 1187 1777 p'cr
1206 1668 1252 1749 ia‘-

164 1819 296 1896 tegi-'nm
321 1798 523 1869 decennium
548 1824 614 1865 una
640 1824 716 1866 curn
739 1798 955 1892 Scipionibus
987 1797 1053 1864 illis
1078 1798 1252 1880 rirerite

164 1940 310 2009 quorum
346 1934 455 1983 aetate
484 1933 616 1983 nostrae
654 1914 947 2007 argumentationis
982 1930 1113 2005 partem
1147 1930 1222 2009 apta
1257 1938 1262 1943 ·

166 2056 238 2098 esse
263 2029 437 2100 voluimus.
1200 2060 1203 2065 ·

159 2336 163 2347 ,
262 2273 511 2345 Percommode
538 2293 649 2342 autem
676 2274 800 2342 accidit
825 2272 928 2368 quod,
956 2298 1038 2368 quas
1064 2272 1160 2369 apud
1183 2272 1254 2371 plu-

162 2394 266 2461 rimos
297 2391 431 2459 relictas
467 2414 540 2458 esse
573 2389 736 2485 plurimas
763 2389 991 2458 dubitationes
1012 2388 1254 2482 praevidemus,

162 2533 217 2575 eas
234 2506 402 2575 'radicitus
428 2505 576 2575 evellere
616 2505 671 2572 tali
697 2524 894 2597 argumento
921 2504 1012 2586 licet,
1038 2531 1107 2599 qno
1133 2530 1255 2587 eorum,

163 2648 251 2716 qnae
274 2624 374 2690 nobis
399 2620 555 2689 videmur
580 2618 967 2717 diligentisingulorum
992 2606 1256 2689 testimoniorum

166 2735 344 2804 collatione
372 2737 508 2817 eruisse,
535 2738 656 2803 veritas
679 2760 818 2828 prorsus
846 2736 1015 2803 evincatur
1045 2752 1079 2802 et
1103 2736 1147 2803 ab
1173 2734 1256 2804 omni

167 2868 264 2942 parte
283 2852 542 2919 corroboretur.'
558 2851 691 2917 Etenim
714 2852 741 2915 P
748 2849 977 2918 seudolum
1001 2868 1138 2945 aposta
1159 2874 1256 2919 sene

166 2965 285 3032 factam
310 2965 487 3032 Ciceronis
512 2966 615 3032 verba
635 2964 766 3045 docent,
792 2962 835 3030 de
858 2966 981 3057 quibus
998 2946 1257 3059 supradictum:

166 3098 272 3148 actam
297 3096 406 3146 autem
434 3102 506 3145 esse
538 3104 565 3145 a.
592 3079 663 3149 562
699 3082 775 3147 satis
802 3081 867 3146 iam
902 3099 994 3148 extra
1020 3079 1258 3151 dubitationem

166 3194 313 3286 positum
334 3211 392 3260 est
444 3192 566 3260 Senem
598 3211 707 3259 autem
738 3219 896 3287 negamus
934 3178 1127 3288 quenquam
1152 3195 1257 3263 dieis

168 3308 334 3376 Cicerone
359 3310 529 3403 potuisse,
565 3310 622 3401 qui
659 3333 702 3375 ne
729 3311 962 3402 sexagenarius
987 3308 1130 3405 quidem
1158 3328 1260 3379 esset:

165 3421 203 3488 id
226 3421 320 3517 quod
340 3423 445 3516 ipsius
454 3423 617 3492 Varronis
643 3423 735 3517 apud
750 3424 928 3492 Censorin.
954 3422 987 3491 d.
1014 3422 1071 3491 die
1096 3440 1165 3491 nat.
1179 3420 1261 3493 etl

111 3538 113 3542 ⁷
166 3540 361 3606 auctoritate
388 3539 578 3607 confirmari
602 3557 724 3631 potest.
774 3540 821 3608 Vt
845 3538 998 3631 profecto
1028 3563 1097 3631 nort
1122 3522 1261 3607 hibern

165 3678 233 3747 quo
272 3679 348 3720 eum
373 3652 587 3746 redarguam,
622 3655 680 3747 qui
718 3652 771 3722 vel
803 3654 890 3721 ultra
929 3670 1058 3723 sextum
1089 3652 1260 3727 saeculum

165 3767 272 3837 Plauti
295 3768 421 3836 natales
444 3769 590 3836 reiicere
618 3770 766 3835 animum
791 3766 972 3840 induxerit.
997 3764 1046 3855 *).
1087 3768 1182 3855 Quid
1206 3794 1260 3836 an·

166 3902 244 3964 tem,
271 3882 366 3978 quod
382 3909 425 3950 ne
447 3882 534 3950 illud
551 3882 691 3976 quidem
708 3883 818 3949 adhuc
833 3884 1148 3966 animadverterunt,
1163 3909 1260 3978 pror-

166 4024 220 4067 sus
245 3997 282 4065 id
307 4002 495 4067 seiunctum
522 4000 564 4064 ab
589 4016 682 4066 actae
710 3997 869 4066 Pseudoli
888 4016 1053 4093 tempore,
1080 3998 1178 4095 quod
1189 3998 1262 4069 seni

220 4250 247 4317 ⁸)
266 4248 400 4303 derideo
416 4267 485 4305 auno
503 4253 606 4304 circitor
623 4253 676 4337 499
707 4255 848 4321 atterere
877 4253 955 4307 tribui
981 4271 1040 4307 sau.
1068 4253 1260 4309 iaciebant

270 4349 297 4405 p.
314 4336 358 4395 ot.
