2872 4942
412 382 435 425 n
460 386 503 425 ue
530 386 647 443 ιιιιιι
675 385 802 428 rueme
830 378 1023 439 nonmm'vs,
1204 365 1252 432 ‘23

170 583 248 650 qnae
274 560 343 651 ipsi
354 561 526 646 fecerunt
551 578 586 625 et
611 558 798 626 incidenda
834 585 896 626 sno
928 562 1082 654 sepulcro
1109 562 1251 652 relique·
1291 590 1295 597 ·

167 691 266 750 runt,
299 660 481 741 memoriae
503 674 666 767 prodidit.
690 713 736 727 -
768 678 830 742 His
863 670 1102 770 qnis'tandem
1127 676 1254 743 lieret?

165 825 208 841 -·
248 793 326 865 Non
356 793 465 881 potuit
495 791 667 858 mehercle
699 794 879 885 quicquam
914 794 1016 884 magis
1052 818 1139 858 e.re
1168 766 1284 870 esse,x

163 931 263 999 quam
291 904 384 997 qnod
409 907 553 996 primum
582 909 730 1000 inspecta
751 909 864 974 Lienis
891 908 1102 974 annotatione
1128 904 1178 975 Μ
1215 907 1256 972 il-

158 1019 220 1087 lud
245 1020 368 1088 Planci
390 1023 517 1089 nomini
542 1025 762 1116 praemissum
787 1025 904 1089 abesse
931 1050 949 1088 a
970 1024 1139 1090 veteribus
1153 1020 1256 1089 Gellii
1300 1116 1303 1123 Ι

163 1134 379 1216 editionibus,
404 1155 472 1204 tum
491 1138 570 1204 item
588 1139 707 1204 abesse
723 1136 1006 1206 aVindohonensi
1021 1134 1141 1204 codiee
1164 1160 1257 1203 eorn-

161 1252 249 1341 peri.
301 1252 356 1317 De
380 1250 532 1344 reliquis,
569 1277 712 1344 quornm
739 1247 838 1344 supra
866 1253 1069 1317 mentionem
1095 1251 1173 1328 feci,
1201 1273 1259 1316 eo·

163 1364 297 1432 dinibus
333 1368 397 1433 etsi
435 1367 651 1434 vehementer
681 1366 785 1433 doleo
812 1392 830 1432 e
855 1365 1016 1433 Dresselii
1040 1366 1147 1475 copiis
1173 1339 1257 1429 nillil
1315 1362 1319 1368 ’

162 1507 261 1548 ame
286 1501 495 1574 excerptum:
531 1464 657 1574 nenipe
686 1483 797 1576 qnod,
823 1496 925 1576 quein
951 1481 986 1548 id
1009 1506 1105 1547 usum
1129 1480 1257 1546 habero

161 1616 288 1696 possm,
312 1600 451 1664 minime
476 1617 545 1664 tum
571 1601 785 1691 suspicabar:
821 1617 929 1664 tamen
967 1600 1048 1691 quin
1072 1622 1147 1663 cum
1175 1597 1259 1662 Vin-

155 1712 360 1795 ¹‹loboneusi
385 1715 433 1780 eis
461 1717 635 1781 conveniat
651 1712 697 1799 *),
721 1740 760 1781 eo
785 1740 875 1780 nunc
901 1715 1008 1779 minus
1036 1713 1163 1797 dubito,
1190 1738 1257 1805 quo

162 1827 369 1920 exploratius
395 1829 503 1895 habeo
528 1855 590 1922 per
616 1848 701 1896 totas
728 1833 851 1897 Noctes
878 1855 951 1894 suas
989 1854 1150 1921 nusquam
1177 1828 1259 1893 Get-

162 1942 247 2009 linm
272 1947 492 2035 praenomine
518 1964 651 2038 poetam
677 1944 879 2012 Sarsinatem
909 1943 1115 2038 appellasse,
1146 1970 1189 2010 ne
1223 1945 1259 2010 in

163 2061 309 2130 aliorum
350 2063 488 2155 quidem
529 2054 785 2156 praenominum
828 2061 1078 2154 propinquitate
1121 2084 1258 2126 summa.

167 2176 234 2258 Sic,
256 2197 293 2245 ut
321 2178 495 2270 exemplis·
510 2196 592 2258 utar,
617 2176 675 2243 lib.
703 2178 800 2244 XVII
827 2177 934 2268 capite
958 2178 1001 2242 21
1031 2192 1112 2240 extr.
1139 2177 1177 2244 L.
1199 2173 1260 2239 Li·

167 2297 271 2368 vium,
285 2295 332 2385 Q.
346 2292 517 2387 Ειιηιίιιιι,1
536 2292 589 2362 M.
613 2297 820 2367 Varronem,
849 2295 910 2358 Cn.
925 2293 1103 2363 Naevium,
1119 2287 1170 2357 Μ.
1193 2289 1260 2354 Ce-

165 2427 287 2474 tonem
313 2427 347 2474 et
372 2407 428 2476 Pl
435 2392 581 2476 attium
606 2411 822 2487 consociavit,
853 2407 877 2474 l.
904 2406 985 2471 XIX
1023 2430 1052 2474 c.
1078 2401 1173 2474 SM.
1202 2405 1260 2470 Ci-

166 2548 353 2599 eer,ouem
383 2525 420 2590 C.
448 2526 654 2600 Caeserffem
665 2524 904 2600 Plautum,
943 2522 984 2610 Q
1010 2521 1221 2595 Enrtimn,
1209 2514 1260 2586 lI.

173 2638 384 2708 Varronem:
417 2659 454 2707 nt
479 2634 603 2707 mittam
630 2640 703 2706 alie.
755 2641 844 2729 Ergo
872 2635 912 2702 nd
940 2634 1118 2727 prologum
1142 2620 1262 2698 Asina-

172 2757 246 2822 riue
272 2754 403 2824 redacta
428 2783 482 2822 res
509 2776 590 2823 eruat
640 2758 734 2821 Ibine
764 2756 866 2846 igitur
902 2752 1065 2819 librorum
1094 2772 1262 2814 consensu

167 2896 307 2937 sitarciis
329 2871 480 2966 legitur?
519 2873 623 2938 Immo
649 2896 693 2939 ue
720 2895 787 2936 uno
815 2868 951 2962 quidem
975 2862 1060 2931 illud
1087 2854 1261 2956 proditum

168 3003 240 3066 est,
273 2988 336 3052 nisi
373 2986 466 3079 quod
504 3013 522 3054 e
556 2989 688 3053 recenti
718 3002 910 3051 correctura
936 2984 970 3048 iu
996 2981 1174 3047 Etruscum
1200 3000 1262 3041 no-

168 3120 272 3168 strum
299 3105 439 3194 irrepsit
463 3127 527 3195 pro
555 3128 595 3169 eo
623 3101 716 3195 quod
741 3119 839 3167 antea
866 3116 938 3166 crat
963 3119 1119 3163 niaerus:
1144 3093 1179 3158 in
1207 3119 1263 3157 ra·

166 3242 235 3310 que
257 3208 331 3310 ipsa
358 3217 464 3283 forma
491 3220 701 3284 consentiunt
734 3233 800 3281 tres
827 3212 966 3280 Palatini
993 3209 1085 3303 opud
1111 3212 1263 3287 Perenna,
1356 3294 1359 3300 Δ

167 3331 447 3399 Vindobonensis
474 3333 639 3410 Senibuci
664 3333 845 3424 Lipsiensis
869 3355 944 3395 cum
971 3327 1119 3419 cognatis
1143 3341 1180 3389 ut
1202 3346 1265 3414 op-

172 3449 254 3514 timo
268 3447 438 3529 Medieeo,
464 3450 626 3541 prinecps
654 3446 773 3529 editi03
799 3443 851 3514 Μ.
866 3442 1003 3517 Accius,
1030 3439 1124 3534 qnod
1142 3466 1160 3504 a
1176 3439 1266 3504 Gru-

170 3578 245 3628 tero
272 3564 441 3631 invectum
465 3565 589 3629 Pareus
615 3564 756 3653 reecpit,
783 3560 918 3626 affertur
945 3555 1170 3648 eLeugiauis,
1193 3574 1266 3614 me-

171 3702 230 3742 rus
256 3694 370 3743 autem
398 3697 448 3744 est
473 3679 510 3743 in
535 3702 601 3744 uno
618 3677 766 3743 Palatino
780 3677 888 3754 Parei,
912 3698 979 3766 qno
1007 3670 1147 3764 propius
1166 3668 1267 3733 etiam

171 3790 215 3857 ad
244 3794 356 3885 ipsam
392 3794 564 3860 veritatem
595 3793 701 3860 Vetus
736 3791 919 3857 Camerarii
954 3784 1100 3863 accedit,
1136 3784 1171 3847 in
1198 3803 1267 3873 quo

177 3904 348 3975 stacius
385 3926 482 3977 extat.
522 3910 591 3976 llis
631 3926 743 3975 nutem
777 3907 941 3972 librorum
974 3900 1120 3994 vestigiis
1157 3896 1268 3964 alione

180 4022 253 4091 duci
282 4002 473 4091 silebimur
496 4024 560 4092 nisi
585 4023 628 4090 ad
653 4025 741 4109 hene
761 4024 976 4114 scripturam:

273 4128 497 4233 Demophilus
519 4143 668 4232 scripsit,
687 4134 885 4209 ''Maccnss
911 4138 1014 4201 vortit
1041 4131 1269 4199 barbare—i

191 4305 472 4326 —1—-0—-uu-u

233 4378 260 4441 ἰ
275 4379 308 4433 Et
324 4381 449 4433 movent
464 4394 530 4431 sane
540 4362 637 4447 Xegio.
