2872 4942
432 365 596 409 ruruvuur
625 363 819 408 rusvrmrr.
1097 323 1174 406 ’543

195 533 292 613 Sero,
319 551 421 627 atque
446 535 578 618 stulte‚·
584 539 681 627 prius
706 533 799 624 qnod
823 551 959 600 cantum
980 538 1142 627 oportuit,

190 650 379 742 Postquam
404 649 551 715 eomedit
576 641 660 726 rein,
682 667 762 742 post
787 643 959 716 rutionem
981 666 1092 742 putat.

145 763 252 830 udum
286 785 395 832 tamen
426 766 626 832 satisfactum
661 785 710 833 est
741 767 941 840 Lesbonico,
978 767 1036 858 qui
1067 768 1175 834 acrius

144 897 217 945 tans
243 881 297 947 Ne
319 904 488 973 quaquam
505 883 549 946 nit
574 886 718 972 argenti
740 885 829 954 ratio
851 897 1023 973 comparet
1049 897 1175 949 tamen.

169 997 270 1090 igitur
304 1021 418 1064 servus
452 996 581 1063 nullum
606 1000 670 1063 iam
697 998 859 1091 refugium
882 996 1036 1064 relictum
1060 998 1176 1067 videns

168 1114 333 1178 rationem
366 1113 555 1206 singillatim
589 1111 800 1180 reddendam
836 1106 1039 1190 deseendit,
1073 1140 1177 1208 quam

143 1225 194 1293 tlis
220 1225 393 1295 declinare.
413 1229 540 1296 facetiis
565 1233 689 1323 potuit,
716 1256 841 1297 summa
868 1248 977 1297 autem
1004 1230 1178 1298 confiden-

165 1367 314 1424 exorsus‚
336 1344 413 1410 mox
438 1344 629 1412 felicissimo
657 1369 733 1412 cusu
750 1371 828 1412 usus
842 1344 1004 1413 Pliiltouis
1031 1344 1177 1424 adventu

143 1457 336 1550 erpellatur.
351 1460 449 1524 -Et
475 1460 536 1526 hee
563 1459 697 1554 quidem
724 1461 845 1528 horum
870 1487 1062 1529 sermonum
1084 1488 1177 1534 eous-

143 1602 148 1637 t
178 1592 212 1640 et
238 1575 463 1642 successiones
491 1603 590 1668 quam
617 1579 681 1642 sint
697 1576 848 1643 Plautina
868 1595 937 1644 arte
954 1578 1087 1672 dignae,
1112 1597 1178 1645 tam

143 1714 257 1780 parere
279 1713 336 1756 sua
362 1709 481 1782 sponte
507 1710 588 1784 puto
606 1735 620 1773 ,t
644 1709 679 1757 ut
702 1727 749 1741 -
776 1693 918 1761 verbum
942 1717 1011 1760 nou
1036 1692 1177 1787 amplius

143 1803 229 1873 dam.

618 2007 659 2072 II.

216 2153 461 2248 Rrueclarrest
485 2152 673 2220 Trinummi
700 2156 757 2236 IV,
787 2160 803 2223 1
829 2153 963 2222 reducis
990 2150 1180 2221 Charmidis

143 2267 283 2350 rtulatio,
319 2271 517 2362 gravissimis
551 2295 589 2336 ea
625 2273 958 2364 concitatissimisque
1003 2271 1180 2337 octonariis

143 2387 292 2479 rscripta.
351 2388 441 2469 Quos
468 2412 582 2454 versus
610 2405 647 2452 ut
670 2389 804 2481 penitus
831 2387 950 2453 Sentias
977 2383 1067 2479 quali
1092 2384 1182 2451 iudi·

143 2539 144 2554 ι
168 2506 313 2593 pessime
335 2526 473 2568 currere
501 2501 645 2582 dixerit,
679 2504 737 2596 qui
763 2505 847 2570 mire
876 2528 971 2595 sagax
997 2499 1181 2595 interpola-

144 2642 224 2683 num
250 2621 429 2713 vestigator
456 2621 580 2702 extitit,
613 2637 714 2710 totam
741 2644 877 2687 scenam
901 2615 986 2684 infre
1008 2617 1181 2709 posuimus

143 2732 301 2800 tendatius
327 2737 492 2827 scriptam.

193 2847 425 2943 Sdisipotenti
448 2867 483 2915 et
508 2843 741 2940 mu'ltipotenti
768 2844 863 2917 Idvis
880 2853 999 2936 fratri
1023 2839 1180 2914 aetherei

585 2967 746 3056 Neptuno

195 3076 323 3149 Lerisus
339 3080 456 3148 lubens
474 3078 592 3149 laudis
607 3105 690 3172 ago,
716 3078 843 3183 grat*
863 3076 1041 3173 gratisque
1057 3078 1179 3154 habeo,

590 3213 624 3262 et
635 3190 804 3288 flu'ctibus
828 3195 941 3270 salsis,

200 3305 294 3402 Quos
315 3334 422 3403 penes
455 3315 523 3375 mei
549 3306 831 3415 fuisipotestas,
865 3305 964 3376 bo'nis
995 3311 1079 3374 meis
1100 3305 1183 3400 qttid

576 3422 737 3537 forcf‘e't
762 3450 857 3491 meae
886 3429 990 3501 vitae,

184 3537 388 3632 ,Quo'msuis
405 3567 457 3607 me
476 3567 521 3608 ex
539 3541 623 3609 locr‘s
641 3548 678 3608 in
695 3548 982 3634 patriumsusqtte·
993 3533 1109 3606 tirbem
1124 3542 1178 3605 in-

588 3660 751 3724 columem
777 3634 934 3727 rdditcem
949 3659 1105 3743 faciunt.

144 3772 168 3839 5
194 3765 316 3864 ‘Atque
342 3773 406 3840 tibi
427 3797 512 3863 ego,
537 3768 720 3864 Nepesino,
745 3758 828 3840 ante
853 3773 940 3839 alios
961 3746 1044 3838 de'is
1065 3771 1179 3860 gratis

509 3892 511 3899 ’
584 3911 653 3979 ago
677 3906 780 3982 atquc
805 3887 913 3954 iccibeo
938 3909 1094 3952 summas.

193 4000 288 4071 Na'm
313 4021 347 4070 tc
370 4029 487 4071 omnes
503 3999 704 4095 saevo'mque
716 4026 947 4097 severumque,
972 4001 1083 4070 a'vidis
1107 4025 1179 4068 mo·

590 4113 682 4225 rihis
708 4136 983 4203 commemorant,
1017 4176 1020 4181 ,

191 4228 439 4327 Spurctficum,
469 4241 671 4312 immanem,
697 4231 975 4311 intolerandum,
1001 4230 1178 4303 vesanum:

501 4345 505 4353 ’
576 4375 655 4443 ego
679 4367 804 4418 eontra
827 4346 932 4446 o'pera
955 4367 1128 4446 arpertus

802 4608 840 4681 θ
