2872 4942
453 307 627 391 sveronrrs
655 347 696 387 ne
723 348 785 387 vra.
815 346 962 389 inavara.
1186 317 1257 387 633

164 519 270 569 inventa
296 513 383 564 rudius
411 509 590 577 accepissent,
614 508 645 561 ad
666 507 823 575 singularem
840 515 920 558 artem
938 515 965 558 et
984 505 1126 573 mirabilem
1143 506 1250 575 gratiam

162 608 281 657 erexere.
316 600 408 651 Verum
428 613 460 648 ex
478 596 533 660 bis,
554 598 597 665 qui
620 596 777 648 excellentes
797 603 822 646 et
840 603 943 647 veteres
963 594 1114 661 habeantur,
1234 658 1237 663 Ι

232 687 402 748 Flammam,
432 685 474 753 qui
494 685 598 736 Asinius
608 668 787 752 -cognomerlto
810 682 908 747 dictus,
939 683 1040 749 origine
1067 684 1183 736 sarsinas
1200 681 1248 734 luit
1264 681 1329 725 Ptan-

163 775 266 839 ltaliae‚
292 789 366 840 quam
399 773 495 839 posteri
523 771 668 836 Vmbriam,
698 787 750 839 nos,
764 770 883 821 ducatum
903 768 1001 835 Spoleti
1018 771 1186 821 nominamus.
1222 768 1247 821 la
1264 745 1313 819 '¹¹⁸2

167 879 224 913 cum
256 863 289 916 ll.
319 863 416 915 Catone
448 860 588 926 superioris
608 867 704 927 nepotc
725 859 797 909 vixit.
832 859 939 925 primam
958 865 1068 908 aetatem
1087 857 1179 925 opibus
1197 874 1251 911 aon

163 958 265 1001 tenuem
291 950 351 1016 egit.
403 948 496 1000 Senior
521 955 605 998 autem
630 955 657 998 et
685 947 930 1017 pauperior'iactus
956 953 997 997 est
1016 945 1115 1012 perdita
1133 947 1252 1013 pecunia,

163 1053 239 1105 quam
257 1039 282 1087 in
302 1052 382 1104 opere
401 1035 526 1086 artificum
544 1036 704 1086 scenicorum
724 1034 792 1087 bene
811 1034 1102 1100 credituspercepisset.
1123 1034 1254 1085 indacum

161 1132 312 1192 paupertate
330 1123 404 1175 simul
427 1131 453 1174 et
470 1128 604 1189 senectute
626 1120 741 1187 luctavit,
761 1122 905 1189 ceciditque
926 1122 957 1172 ad
976 1109 1003 1173 irl
1020 1122 1143 1189 egestatis
1162 1129 1188 1172 et
1204 1122 1254 1172 mi-

162 1214 266 1276 seriae,
293 1211 360 1279 quod
385 1211 470 1262 inedia
491 1218 517 1260 et
534 1209 601 1260 lame
621 1215 724 1260 'coactus
743 1224 772 1260 se
790 1208 881 1278 (pudet
906 1209 1003 1281 dicere)
1022 1208 1204 1260 machinariam
1223 1207 1255 1260 ad

164 1314 218 1348 rem
237 1297 335 1349 locarit.
375 1296 395 1349 0
416 1312 468 1347 rem
488 1295 680 1347 incredibilem!
702 1294 723 1347 0
743 1303 883 1346 monstrum
901 1302 927 1346 et
943 1296 1085 1347 inauditum
1105 1302 1255 1358 monstrum,

167 1401 218 1436 non
238 1386 294 1435 sine
313 1393 435 1451 stupore,
459 1399 512 1434 non
528 1385 584 1435 sine
605 1385 717 1450 pietate,
746 1398 798 1435 non
818 1384 874 1434 sine
893 1382 1167 1434 lacrimis'videndurn.
1197 1384 1256 1452 qais

121 1482 123 1487 ’
164 1472 302 1523 crediderit
323 1472 380 1522 sine
399 1470 488 1522 teste'l
504 1474 561 1539 quia
579 1470 673 1521 viderit
693 1471 750 1521 sine
772 1469 892 1537 pietate?
917 1469 1012 1522 'lacere
1033 1469 1083 1520 boc
1100 1469 1159 1521 loco
1178 1486 1254 1540 qnam

162 1559 233 1626 loqui
267 1556 376 1609 mallem.
416 1557 467 1609 lles
486 1557 557 1608 iubet
574 1565 651 1623 atque
666 1556 815 1624 compellit,
834 1555 995 1624 dicam-quid
1012 1555 1128 1611 dixerim.
1156 1557 1255 1609 dicam·

162 1643 220 1696 rre‘l
245 1643 327 1695 dicam
346 1642 479 1710 equidem:
498 1659 540 1694 res
558 1644 646 1707 iubat,
664 1659 705 1695 res
726 1643 866 1711 compellit.
895 1643 991 1695 dicam:
1003 1643 1100 1709 pistori
1119 1642 1255 1697 famulatus

164 1740 203 1782 est
221 1739 306 1797 poeta.
334 1730 394 1797 quid
412 1729 466 1781 dixi
485 1729 641 1781 famulatus?
678 1729 733 1782 lmo
751 1729 825 1781 aselli
844 1731 869 1780 in
886 1730 989 1781 modum
1007 1736 1083 1796 pocta
1102 1736 1128 1780 et
1146 1729 1254 1781 illustris

167 1827 245 1885 poeta
266 1819 417 1885 circumegit
433 1816 523 1869 molas.
561 1815 582 1870 0
601 1833 643 1868 res
662 1817 756 1883 turpis!
790 1816 811 1869 0
830 1826 890 1868 nota
905 1817 1029 1883 temporis
1047 1832 1077 1867 ac
1096 1817 1167 1869 urbis
1186 1818 1253 1881 eius,

167 1920 233 1972 quae
260 1904 415 1957 domicilium
443 1920 472 1955 se
498 1902 632 1971 poetarum
649 1912 676 1955 et
693 1904 860 1956 celsissimam
876 1904 964 1957 sedem
982 1905 1084 1955 virtutis
1103 1913 1129 1956 et
1146 1905 1253 1956 honoris

165 2000 250 2043 vocat.
292 1992 348 2044 Non
365 1991 431 2043 ultra
451 1992 526 2056 dico,
553 2008 586 2042 ne
603 1992 630 2042 id
649 1991 746 2054 dicam,
774 1990 842 2059 quod
862 2007 896 2042 ne
914 1979 1022 2043 dixerim
1040 1993 1154 2060 cogitate
1174 2008 1252 2059 prae-

165 2087 247 2147 tereo.
286 2080 348 2131 llam
372 2088 399 2130 ut
422 2079 544 2147 Epidicus
563 2079 630 2146 apud
650 2095 709 2131 eum
728 2081 812 2147 ipsum
830 2081 931 2147 inquit,
953 2079 1010 2147 plus
1028 2081 1098 2131 scire
1115 2080 1195 2147 satius
1213 2089 1252 2132 est

165 2182 240 2234 quam
260 2167 339 2235 loqui.
375 2167 454 2219 Poeta
475 2182 538 2226 vero
557 2168 642 2237 paruit
660 2166 778 2219 lortunae
796 2175 822 2219 et
841 2168 953 2235 inopiam
971 2183 1042 2219 auam
1057 2175 1252 2237 temporumque

164 2253 328 2306 acerbitatem
360 2248 488 2321 patientia*
506 2269 536 2304 ac
562 2254 695 2320 diligentia
720 2255 859 2322 superavit.
896 2254 1019 2323 Collegit·
1036 2270 1162 2323 namque,
1190 2254 1251 2322 quid

165 2342 288 2408 temporis
320 2343 419 2408 potuit,
445 2349 482 2409 ,et
514 2341 605 2393 diebus
627 2343 736 2393 maxime
754 2342 826 2393 lestis
847 2344 982 2394 vacatione
1002 2343 1077 2406 data,
1099 2358 1155 2394 cum
1176 2342 1252 2397 vacui

164 2431 276 2497 negotiis
295 2427 338 2480 alii
358 2429 449 2495 pilae,
479 2428 581 2496 quidam
599 2410 716 2503 ateboq,
743 2429 859 2481 nonnulli
877 2429 1050 2496 spectaculis,
1080 2428 1152 2511 multi
1171 2428 1251 2481 lasci·

165 2519 225 2567 viae
258 2524 297 2567 et*¹
310 2514 435 2582 voluptati
460 2516 602 2589 servirent,
632 2514 817 2582 ipse'abenua
839 2532 854 2567 a
873 2514 966 2567 ceteris
986 2515 1159 2584 coniere[bat]
1175 2532 1204 2568 se
1222 2516 1254 2567 ad

164 2605 243 2655 otium
262 2602 410 2667 scribendi,
440 2611 466 2654 et
496 2618 546 2670 quo
566 2611 665 2670 poterat
689 2603 793 2667 studio,
823 2611 951 2671 tempore,
977 2605 1082 2670 ingenio
1113 2603 1253 2663 laborabat.

171 2691 325 2743 Comoedias
353 2698 406 2741 tres
433 2688 474 2740 vel
505 2691 562 2756 ipso
587 2691 612 2740 in
639 2691 747 2756 pistrino
765 2688 848 2741 ab'eo
866 2691 974 2757 scriptas
993 2690 1072 2741 Varro
1093 2698 1119 2740 et
1136 2689 1254 2757 plerique

167 2777 211 2829 alii
232 2779 369 2829 memoriae
383 2776 525 2831 tradidere.
562 2776 673 2828 'landem
691 2792 753 2828 vero
774 2785 888 2829 mortuus
910 2777 1007 2828 lloroac
1027 2778 1171 2828 comoedias
1189 2776 1254 2828 reli·

169 2866 224 2933 quit
242 2863 349 2926 multas,
378 2879 441 2932 quas
471 2866 601 2932 prosperis
620 2864 788 2932 adversisque
807 2866 883 2916 rebus
902 2881 949 2932 pro
968 2880 1015 2916 sua
1034 2864 1206 2917 delectatione
1227 2873 1253 2917 et

162 2953 269 3019 ingenio
290 2949 420 3002 edidisset.
458 2950 497 3002 De
516 2965 623 3001 numero
644 2966 729 3003 earum
748 2952 790 3002 vel
809 2951 947 3019 diligentes
967 2960 992 3002 et
1010 2952 1078 3004 docti
1095 2953 1130 3002 ita
1148 2952 1253 3004 dissen-

165 3040 248 3103 tiunt,
277 3038 345 3105 quod
365 3052 440 3088 nemo
459 3039 505 3101 sit,
535 3039 578 3104 qui
608 3053 655 3089 nos
675 3039 860 3105 investigantes
881 3039 1111 3107 perquirentesque
1129 3041 1252 3092 certiores

165 3123 269 3175 efficiat.
290 3123 384 3176 Earum
402 3123 478 3175 modo
499 3132 559 3175 sunt
575 3133 633 3174 octo
650 3116 751 3177 ndstras
769 3123 801 3175 arl
817 3132 907 3176 manus
925 3125 1039 3176 delatae:
1061 3126 1147 3192 plures
1167 3135 1252 3178 tamen

162 3210 195 3259 ab
222 3227 254 3261 eo
285 3214 393 3279 scriptas
422 3213 558 3262 coniectati
586 3220 645 3263 sunt
674 3213 749 3264 etiarn
777 3213 995 3287 antiquorumqet
1011 3215 1151 3279 peritorum
1169 3215 1251 3266 multi.

168 3294 275 3355 Quidam
295 3301 388 3366 viginti
409 3307 435 3350 et
454 3292 585 3367 quinque,
604 3298 676 3351 multi
695 3299 880 3371 quadraginta,
899 3299 978 3368 aliqui
999 3309 1115 3367 centum,
1135 3301 1251 3354 nonnulli

166 3385 268 3428 centum
294 3391 371 3450 atquo
389 3387 492 3451 triginta
511 3392 651 3453 putavere..
670 3386 724 3437 llac
743 3386 821 3438 dere
839 3403 873 3438 ne
889 3386 959 3439 rudis
982 3395 1007 3438 et
1019 3370 1113 3455 pueros
1128 3388 1248 3440 dixerim:

164 3480 254 3515 vorum
275 3480 288 3515 a
307 3467 437 3520 veteribus
459 3480 484 3522 et
503 3474 656 3525 doctissimis
671 3475 736 3540 uiris
757 3474 905 3526 dubitatum.
950 3475 1097 3539 Dubitavit‚
1116 3484 1144 3527 ut
1162 3473 1251 3526 sileam

165 3560 287 3618 ceteros,
318 3555 423 3607 Servius
434 3558 455 3626 ³)
476 3564 674 3627 grammaticus,
703 3562 805 3615 Terenti
814 3565 839 3632 ⁴)
867 3568 944 3631 atqn'e
965 3564 1075 3615 Maronis
1095 3562 1252 3613 clarissimus

164 3642 310 3707 interpres:
338 3640 464 3693 dubitavit
488 3645 563 3697 bomo
578 3650 762 3721 eruditispimua
782 3658 816 3701 et·
827 3651 1018 3719 antiquissimus
1035 3644 1147 3701 Laelius.
1168 3647 1251 3712 Dubi-

161 3729 225 3778 tavit
244 3728 275 3784 A.
296 3728 403 3793 Gellius,
422 3732 465 3797 qui
485 3731 516 3782 ad
537 3736 695 3800 propositum
716 3737 781 3787 haec
802 3745 879 3803 atque
897 3734 976 3787 multa
995 3735 1045 3787 alia
1064 3736 1129 3786 scitu
1151 3743 1176 3786 et
1194 3751 1251 3787 me·

165 3817 247 3866 moria
268 3815 345 3884 digna
366 3819 391 3867 in
410 3819 462 3868 suis
481 3819 604 3870 Noctibus
621 3821 713 3872 Atticis
731 3822 878 3887 cumulavit.
917 3822 984 3885 Quid
1000 3821 1125 3874 dixerim?
1148 3822 1252 3874 dubita-

160 3903 198 3952 vit
232 3906 344 3955 omnium
370 3904 532 3959 doctissimus
559 3908 591 3958 ll.
612 3909 699 3959 Varro.
717 3912 723 3921 '
743 3900 776 3960 'Is
800 3908 892 3961 librum
920 3910 1023 3977 scripsit
1047 3909 1079 3961 de
1110 3909 1250 3963 comoediis

165 3987 247 4041 Plauti
270 4000 296 4042 et
314 3992 373 4042 huic
391 3993 428 4042 rei
447 3988 531 4047 fludio
552 3994 723 4063 investigandi
736 3991 796 4046 'veri
814 3996 880 4047 haurd
891 4012 988 4065 par-um
1015 3982 1120 4048 multum
1147 4005 1250 4064 tempo-

159 4076 211 4140 ris,
240 4095 335 4144 curae‚
357 4079 507 4149 diligentiae
522 4083 627 4161 „tribuit
668 4083 791 4135 Fomenta
820 4086 912 4135 erroris
937 4086 1035 4152 putavit
1062 4085 1121 4136 duo.
1157 4082 1249 4149 Vnum,
1274 4110 1280 4119 ·

613 4339 641 4410 3)
661 4358 751 4393 seruos
769 4341 831 4393 Cod.
1008 4341 1037 4410 4)
1064 4340 1166 4391 Tarenti
1187 4337 1241 4390 Cod
