2872 4942
519 349 682 391 ruruvnnr
710 351 903 393 rnavrruau.
1175 329 1245 400 559

165 520 303 586 cessisse
330 518 536 596 videbimur,
564 521 589 583 si
618 545 682 583 nrm
712 519 841 587 duobus
867 520 968 600 locis,
997 520 1058 587 sed
1085 546 1151 589 uno
1177 543 1248 591 tau-

165 652 234 700 tum
268 633 408 727 aliquot¹
429 632 553 699 voculis
588 636 717 699 insertis
753 633 905 704 mutilam.
942 655 975 702 et
1008 636 1250 735 orationem4et

161 751 361 815 senteutiam
389 767 422 815 et
449 773 637 813 mensuram
664 751 711 815 sic
738 749 1023 841 suppleverimus:
1056 775 1250 844 quostquam

162 865 300 931 labores
335 865 457 930 nialtos
491 863 532 928 ob
565 889 637 931 rem
668 883 702 932 et
737 865 860 931 liberos
901 863 1067 952 [absentis
1092 873 1160 934 mei
1181 868 1246 958 eri]

162 1005 241 1046 eam
267 1005 331 1071 ego
359 984 484 1072 cepisse
511 1005 648 1046 censeo:
675 1007 749 1045 nam
775 980 878 1046 multo
903 980 986 1047 adeo
1010 981 1192 1073 simplicius
1218 1003 1251 1050 et

164 1098 201 1161 in
229 1122 341 1162 aerum
372 1097 543 1163 velitatcm
572 1098 820 1162 convenientius
837 1121 891 1161 res
917 1113 952 1161 et
978 1095 1077 1162 liberi
1099 1103 1151 1202 eri
1172 1125 1252 1165 con-

163 1210 287 1279 crediti
314 1210 413 1277 luisse
442 1209 571 1277 Callicli
601 1209 767 1317 dicuntul,
794 1237 891 1303 quam
920 1235 974 1277 ies
997 1215 1049 1276 eri
1074 1230 1108 1276 et
1129 1212 1253 1279 libero-

162 1351 250 1393 rum.
267 1363 313 1373 —
339 1297 496 1392 Ceterum
523 1351 613 1391 suam
639 1352 795 1392 vetsuum
822 1324 1076 1393 collocationem
1091 1329 1254 1423 Herman-

162 1467 230 1509 nus
257 1468 296 1507 ex
322 1443 360 1506 iis
388 1441 483 1507 libris
500 1443 615 1519 hausit,
644 1445 698 1534 qui
720 1445 947 1509 erecensioue
967 1442 1048 1509 Itala
1072 1443 1250 1511 fluxerunt:

164 1556 281 1627 sedis
308 1575 419 1622 tamen
444 1581 512 1623 non
539 1583 575 1623 se
604 1557 707 1648 dicipi
731 1583 847 1649 passus
875 1538 925 1636 cu,l
952 1582 1019 1650 quo
1039 1557 1174 1650 decepti
1189 1563 1253 1627 Boss

164 1674 256 1740 thius
284 1689 318 1737 et
336 1671 583 1737 Lindemannus
610 1674 815 1765 apertissima
842 1675 976 1765 vestigia
994 1674 1152 1738 binorum
1177 1700 1253 1741 rer-

160 1814 260 1857 suum
288 1773 331 1852 in>
348 1787 553 1880 singulorum
577 1791 728 1880 speciem
752 1806 996 1855 contraxerunt.
1066 1793 1149 1857 Nam
1176 1816 1251 1856 cum
1312 1848 1320 1875 ·.

160 1903 285 1971 mediis
321 1902 520 1996 quibusdam
555 1905 797 1996 praetermissis
834 1906 868 1969 in
903 1904 956 1969 cd.
982 1907 1091 1996 princ.
1123 1904 1253 1999 legatur

162 2044 363 2116 quanquam
388 2017 524 2084 labores
550 2020 672 2084 maltos
698 2018 739 2084 ob
766 2043 838 2084 rem
863 2044 938 2084 eum
964 2026 1090 2112 cepisse
1116 2046 1252 2097 censeo,

162 2139 203 2202 in
230 2136 395 2229 Lipsiensi
424 2154 531 2201 autem
560 2134 634 2201 cod.
660 2137 791 2201 brevius
819 2138 915 2200 etiam
949 2159 979 2226 q.
1004 2137 1024 2202 l.
1051 2137 1173 2203 inultos
1199 2163 1253 2203 ce-

159 2255 258 2343 pisse
284 2272 424 2322 ceaseo,
450 2248 545 2315 valde
573 2249 651 2315 exili
675 2250 781 2316 forma
805 2252 990 2318 sentcntiae
1016 2252 1077 2318 hos
1103 2250 1153 2317 illi
1178 2279 1253 2319 vcr-

164 2391 224 2433 sus
252 2366 429 2433 commenti
452 2383 528 2430 sunt
552 2365 797 2431 infelicissime:

273 2499 478 2589 Quanquam
503 2496 636 2562 labores
662 2498 784 2563 maltos
812 2522 908 2590 cepse
940 2522 1079 2564 censeo:

113 2632 204 2703 ,ει
271 2613 496 2703 Quamobrem
524 2612 666 2745 laboffic
684 2638 759 2679 eam
785 2618 911 2705 cepisse
940 2639 1072 2681 censeo.

270 2728 357 2796 Nolo
383 2727 558 2820 reliquis
550 2728 684 2820 ineptiis
711 2728 965 2795 Lindemanni'
957 2732 1144 2809 immorari,
1179 2757 1255 2798 eum
1327 2768 1333 2775 ·

166 2844 214 2912 ad
241 2846 419 2911 satietatem
449 2871 527 2910 sane
557 2846 723 2936 exagitatis
755 2844 896 2911 aliorum
932 2848 1102 2913 erroribus
1129 2865 1255 2913 tautum

167 2966 235 3028 iam
258 2962 366 3026 bonae
394 2977 426 3024 et
452 2984 573 3052 operae
605 2977 638 3023 et
664 2961 794 3024 chartae
810 2960 1038 3053 perdiderim:
1062 2987 1161 3026 unum
1189 2963 1255 3029 hoc

167 3101 240 3142 non
262 3100 399 3166 possum
424 3076 503 3165 quin
529 3075 678 3139 breviter
702 3078 933 3171 perstringam,
956 3075 1046 3168 quod
1071 3077 1255 3168 incogitan-

170 3210 225 3258 ter
262 3191 486 3269 Camerarinm
523 3208 655 3254 secutus
686 3189 817 3255 Stasimi
854 3193 1037 3257 orationem
1063 3216 1130 3257 nou
1157 3217 1255 3283 posse

165 3332 239 3373 non
266 3309 440 3393 ironicam
466 3329 537 3371 esse
571 3305 688 3369 dixit:.
716 3305 860 3370 necdum
884 3307 970 3372 enim
1005 3309 1090 3373 scire
1125 3334 1253 3373 servum

165 3447 270 3516 posse
284 3447 423 3521 ,vquam
450 3445 566 3484 revera
596 3420 681 3484 lidus
710 3420 867 3487 Callicles
892 3422 998 3487 fuerit.
1049 3424 1137 3515 Ergo
1165 3422 1253 3488 unde

165 3528 540 3621 tandeffiiClrflrmides
568 3539 645 3616 scit,
682 3540 773 3603 cuius
809 3563 883 3602 cum
911 3537 1048 3604 Callicle
1084 3562 1254 3604 sermones

165 3644 287 3775 ospriqs
311 3654 468 3720 Stasimus
496 3650 621 3718 audiit?
671 3651 733 3718 Ille
761 3655 868 3735 enim,
896 3681 970 3720 cum
997 3671 1074 3747 post
1098 3680 1188 3721 suam
1213 3651 1255 3718 il-

166 3740 267 3836 larii
266 3766 643 3835 exclamationemv.
620 3770 640 3812 ⁰

270 3852 314 3985 fi
333 3883 524 3963 Callicles,¹
534 3906 554 3947 o
583 3870 705 3947 Calll
635 3882 690 3946 ιο
692 3882 752 3956 es,
780 3907 799 3946 o
830 3883 1011 3963 Callicles„

268 3999 380 4087 Qual'
368 4022 424 4062 me
449 4002 557 4062 amico
585 4022 660 4062 mea
682 3996 916 4063 commendavi
940 3996 1048 4063 horta!

228 4096 327 4180 llielis
349 4114 414 4180 hoc
439 4138 649 4208 responsum
663 4111 806 4187 tulisset<

203 4223 387 4295 *Probo
412 4242 447 4292 et
460 4225 567 4317 fideli
585 4243 623 4297 et
637 4226 717 4318 sido
744 4244 778 4291 et
801 4252 874 4291 cam
898 4252 1026 4317 magna
1040 4230 1077 4322 s
1063 4230 1128 4296 de

274 4345 321 4410 Et
345 4343 444 4423 salve
461 4359 494 4407 et
516 4328 643 4408 salvom
666 4359 699 4408 te
725 4342 904 4410 advenisse
925 4345 1085 4436 gaudeo:

160 4250 318 4527 ζμ
