2872 4942
173 364 215 404 XX
614 365 803 409 assertam.

173 561 237 629 pro
272 560 401 603 cavea
437 535 535 615 dicta,
566 535 601 601 id
632 562 770 627 prorsus
807 537 879 601 sine
914 536 1070 628 exemplo
1098 564 1171 606 esse
1194 541 1271 608 iure

176 660 235 702 suo
271 633 488 701 ll‘larhlandns
523 653 555 700 et
586 635 727 703 Wolfius
761 650 975 707 annotarunt,
1022 640 1168 717 Rectius,
1203 642 1270 706 sed
1310 710 1317 723 ¹

175 734 313 801 molesta
340 734 553 826 loquacitate,
587 736 729 826 scriptor
753 733 841 799 illius
868 734 1035 814 orationis,
1070 762 1170 829 quem
1195 764 1269 806 non

178 859 249 899 esse
273 826 473 900 Ciceronem
510 852 637 898 certum
672 851 734 912 est,
765 834 812 898 sie
840 836 867 910 §.
892 831 956 902 26:
996 834 1195 903 Illttsenos
1220 839 1267 904 de

175 956 303 999 cavea
335 936 431 1029 exire
464 931 635 997 iubebant:
674 948 710 996 tu
739 935 776 997 in
798 923 984 1017 altarem
1013 958 1129 1001 servos
1154 942 1267 1004 immi·

173 1036 262 1119 sisa}
288 1057 333 1097 ex
358 1031 510 1096 altera
536 1031 660 1097 liberos
686 1035 823 1098 eiecisti.

272 1143 306 1204 P,
324 1147 387 1204 228
413 1157 430 1194 a
464 1131 561 1196 nobis
594 1128 754 1207 ‹leffl'nsae
789 1133 983 1208 sententiae,
1014 1157 1079 1226 qua
1112 1137 1267 1201 curatius

171 1229 286 1297 editos
312 1229 528 1321 ludos,·quos
556 1231 690 1295 Tacitus
717 1228 809 1308 dicit,
834 1230 1044 1322 interpretati
1070 1255 1182 1296 sumus
1207 1259 1264 1299 ac·

175 1333 318 1396 curatius
356 1351 483 1420 graeco
521 1351 615 1393 more
652 1327 765 1407 factos,
806 1353 961 1418 graecum
991 1349 1099 1396 autem
1133 1354 1265 1397 morem

173 1446 309 1521 praeter
342 1448 455 1495 cetera
481 1427 523 1506 ad
551 1426 712 1520 gradus
737 1427 912 1501 theatrales
939 1448 1008 1494 tum
1032 1431 1177 1520 primum
1205 1454 1265 1495 ex-

175 1545 317 1594 structos
343 1527 541 1606 rettulimus,
568 1551 635 1592 non
655 1525 870 1592 mediocriter
884 1529 955 1618 ipsa
972 1529 1146 1623 Augustini
1161 1529 1266 1595 verba

174 1627 295 1703 favent,
331 1627 451 1718 quibus
488 1624 649 1691 destructi
679 1625 797 1691 Nasica
829 1645 964 1691 auctore
992 1628 1111 1692 theatri
1135 1652 1264 1694 memo-

172 1720 256 1815 riadt
283 1726 315 1811 (a
342 1726 439 1792 nobis
457 1756 487 1815 p.
505 1741 568 1798 213
595 1750 668 1816 sqq.
689 1722 898 1816 explicatam)
918 1727 965 1791 sic
984 1725 1263 1817 comprehendit:

175 1847 313 1888 caream
344 1823 473 1890 theatri
504 1840 662 1888 senatum
684 1816 1102 1890 construere'moliemem
1126 1823 1170 1889 ab
1194 1825 1262 1891 liae

175 1923 398 2014 dispositione
425 1939 458 1987 et
485 1922 669 2014 cupiditate
694 1926 904 2013 compescuit,
930 1927 1165 2016 persuasitque
1178 1948 1262 1990 ora-

174 2027 269 2088 tiorte
304 2025 521 2113 gravissima,
551 2047 594 2088 ne
623 2047 836 2111 graecam
861 2021 1084 2088 luxuriam
1110 2023 1262 2090 virilibus

170 2126 308 2213 patriae
345 2121 492 2187 moribus
528 2137 732 2210 paterentur
766 2120 929 2213 obrepere
961 2139 995 2187 et
1029 2121 1077 2186 ad
1102 2126 1262 2189 virtutem

173 2220 455 2306 labefactandam
467 2220 764 2310 enervandamque
784 2221 976 2285 Romanam
993 2225 1261 2312 peregrinae

173 2326 369 2386 coissentire
399 2324 590 2413 nequitiae:
623 2336 820 2409 tantamque
846 2325 1052 2385 auctoritate
1076 2319 1189 2392 valuit,
1219 2341 1258 2386 ut

163 2420 243 2484 'eins
281 2419 389 2487 verbis
416 2437 584 2484 commota
609 2424 787 2484 certatoria
810 2419 1028 2510 providentia
1052 2421 1157 2482 etium
1175 2417 1256 2483 sub-

172 2519 280 2596 sellia,
311 2518 440 2609 quibus·
460 2518 508 2583 ad
537 2519 658 2584 lteram
684 2524 856 2608 congestis
883 2521 918 2583 in
945 2516 1099 2584 ludorum
1122 2533 1256 2608 specta-

173 2616 246 2680 calo
282 2621 349 2680 iam
381 2623 432 2683 uti
457 2622 575 2684 civitas
602 2635 773 2710 coeperat,
800 2617 963 2709 deinceps
981 2614 1176 2709 prohiberet
1195 2640 1256 2708 ap-

169 2719 262 2807 poni.
303 2719 394 2798 Quae
421 2719 532 2783 nescio
563 2745 602 2782 an
631 2745 669 2782 ex
696 2719 798 2807 ipsius
821 2719 904 2782 Livii
923 2712 1260 2808 librolfltvlllpe-

170 2815 325 2879 tite-sint.
361 2814 448 2880 Vide
476 2837 596 2896 autem,
625 2842 723 2908 qnam
749 2817 882 2908 egregie
906 2835 1050 2881 nostram
1068 2814 1259 2893 deseena,

170 2931 318 2992 cerea,
345 2911 568 3003 gradibus,
594 2914 844 2994 subselliis,
871 2939 1087 2980 consessu
1112 2912 1261 3004 disputa-

168 3016 293 3078 tionem
320 3011 619 3078 illa'couiirment:
652 3036 824 3078 caveam
850 3015 979 3080 theatri
990 3048 1057 3093 -,
1079 3029 1111 3077 et
1134 3011 1262 3077 subsel-

170 3113 230 3186 lia,
263 3109 381 3203 quibus
413 3109 460 3173 ad
493 3110 612 3175 horam
638 3117 818 3200 congestis.
845 3138 872 3176 e.
896 3140 927 3205 q.
940 3139 980 3194 ·s.,
1003 3113 1266 3204 apponi:.item

161 3208 269 3302 'quam
295 3234 430 3299 prorsus
456 3208 556 3288 idem,
581 3227 680 3301 atque
709 3236 767 3277 nos
789 3226 819 3286 P·
844 3213 921 3293 218,
947 3212 989 3278 de
1011 3212 1132 3278 caussis
1153 3226 1187 3275 et
1206 3235 1263 3274 ra-

171 3309 315 3374 tionibus
352 3309 438 3373 illius
474 3311 655 3374 severitatis
692 3310 889 3400 Augustinus
922 3312 1073 3390 senserit,
1112 3309 1163 3375 his
1201 3307 1262 3375 ille

173 3409 285 3473 verbis
322 3434 488 3500 pergens:
532 3409 671 3498 Quanto
708 3409 821 3475 studio
859 3404 921 3474 isti
958 3410 1002 3475 ab
1040 3408 1263 3475 arbedone

173 3505 272 3572 ludos
307 3511 396 3597 ipsos
429 3512 583 3572 scenicos
609 3506 813 3589 abstulisset,
846 3514 878 3574 si
901 3512 1105 3575 auctoritati
1128 3530 1260 3582 eortina,

174 3629 257 3699 quos
279 3604 359 3671 deos
383 3605 540 3697 putabat,
568 3611 725 3672 resistere
750 3609 904 3688 auderet,
930 3633 1012 3700 quos
1039 3631 1111 3673 esse
1135 3609 1263 3670 rtoxios

175 3705 359 3771 daemones
385 3730 457 3770 non
481 3705 708 3796 intelligebat,
734 3725 794 3772 aut
815 3713 847 3773 si
871 3707 1099 3800 intelligebat,
1113 3706 1262 3798 placan-

170 3804 238 3870 dos
265 3810 368 3870 etiam
394 3809 597 3896 ipse-potius
619 3831 719 3899 qttam
744 3807 1012 3872 contemnendos
1037 3807 1121 3872 deos
1140 3807 1264 3870 existi-

178 3903 302 3969 mabat.
327 3940 374 3954 ·-
399 3941 443 3952 —-
460 3907 617 3971 Ceterum
633 3907 784 3971 Mummii
812 3906 854 3970 de
873 3898 1032 3972 Coritltho
1055 3905 1266 3995 triumphum

177 4003 216 4066 ad
243 4029 362 4069 annum
390 4002 459 4071 607
490 4006 599 4094 Capit.
622 4004 785 4071 referenti
809 4022 909 4094 pm
935 4033 986 4100 sq.
1021 4006 1203 4075 haerebant
1227 4003 1267 4068 in

178 4104 336 4168 meffloria
371 4106 523 4194 Eutropii
557 4104 659 4168 verba
684 4103 740 4183 IV,
775 4103 834 4171 tl:
870 4107 953 4171 Tres
982 4103 1108 4169 densae
1132 4101 1277 4167 simnl'

181 4199 389 4293 celeberrimi
422 4201 584 4291 triumphi
598 4205 760 4287 fueruat,
786 4200 953 4288 Africani
976 4228 1020 4268 ex
1045 4203 1172 4288 Africa

179 4300 314 4367 Metelli
337 4325 380 4364 cx
405 4300 703 4367 Macedonia
730 4305 885 4368 Mummii
910 4330 953 4368 ec
980 4300 1157 4372 Corintho,
1195 4303 1264 4366 Lo-
