2872 4942
180 333 229 405 58
514 357 548 399 ιι.
579 357 622 399 nn
645 354 775 400 ancara
801 354 931 402 attunt.

179 543 242 595 aut
265 526 433 596 Caecilius
457 525 582 599 Marco
609 529 739 596 Catoni
761 528 974 597 maledicere.
1006 530 1051 597 In
1068 528 1193 624 quibos
1211 531 1262 597 mi·
1298 552 1300 559 ⁴

178 669 255 711 rum
279 662 330 712 cst
355 644 399 711 de
424 645 552 713 Naevio
576 645 622 711 ita
649 646 850 711 Ciceronem
876 645 989 739 loqui,
1023 647 1119 739 quasi
1145 647 1263 739 princi·

177 785 240 851 pes
261 761 349 827 viros
376 784 546 852 nunquam
574 762 601 824 is
626 758 775 839 laeserit,
805 786 908 852 quem
935 760 978 826 ob
1002 760 1181 828 assiduam
1202 786 1264 826 ηια-

178 872 397 939 dedicantium
420 890 455 939 ct
476 872 605 964 probra
629 877 667 938 in
689 877 863 965 principes
896 878 1045 941 civitatis
1081 873 1128 940 de
1156 872 1265 942 Gras-

178 1011 295 1054 ccrum
312 1004 493 1080 poetarum
518 1011 611 1052 more
636 986 732 1053 dicta
758 992 796 1053 in
817 988 952 1054 vincula
964 988 1096 1056 Romae
1112 1012 1137 1054 a
1149 992 1264 1055 tritus·

181 1106 263 1169 viru
285 1107 474 1169 coniectum
498 1102 630 1170 Gellius
656 1103 724 1183 Ill,
749 1105 773 1172 3
799 1120 930 1184 narret,
956 1103 992 1168 in
1015 1106 1057 1170 P.
1076 1104 1266 1197 Scipionem

175 1218 371 1285 Africanum
395 1219 563 1285 invectum
587 1242 659 1284 esse
683 1217 774 1284 idem
801 1218 925 1310 prodat
948 1220 1040 1300 VIII,
1066 1220 1102 1300 6,
1130 1220 1215 1285 item
1236 1219 1265 1285 in

173 1329 329 1401 Metellos
364 1334 427 1426 qni
460 1333 570 1399 fertur
599 1334 765 1401 Asconius
804 1334 840 1398 in
872 1335 941 1401 Cic.
973 1335 1113 1402 Verrin.
1151 1334 1263 1405 actl.

173 1471 202 1512 c.
233 1449 277 1516 10
303 1473 380 1514 cnm
402 1445 600 1541 pedisequis
627 1448 858 1540 grammaticis.
908 1447 981 1517 Nec
1006 1447 1087 1517 licet
1111 1449 1158 1515 ita
1186 1450 1264 1517 but

173 1559 434 1655 discrepantiam
459 1561 643 1655 expedire,
675 1581 712 1629 ut
736 1560 780 1628 de
807 1560 927 1627 sabulis
954 1580 1079 1628 tantum
1105 1563 1143 1627 in
1168 1586 1262 1649 scena

173 1677 254 1744 actis
280 1677 406 1744 Cicero
434 1678 595 1768 cogitarit,
623 1675 711 1745 dicta
737 1677 906 1743 antemio
933 1677 1129 1769 Scipionem
1152 1678 1262 1745 etMc·

173 1789 274 1859 tellos
300 1792 449 1858 convicia
468 1790 510 1856 ad
524 1787 654 1857 Bellum
666 1792 828 1858 Punicum
850 1789 1058 1857 reserantur:
1084 1790 1260 1873 bocania,

172 1902 268 1997 q'uod
292 1923 477 1971 extremum
500 1905 615 1997 posnI,
648 1906 711 1973 etsi
743 1907 792 1974 sic
823 1929 903 1973 sane
935 1930 970 1972 se
996 1894 1126 1973 habere
1147 1905 1261 1975 ltiueri

172 2016 344 2112 diligentia
370 2016 486 2087 docuit
510 2022 545 2086 in
568 2021 660 2086 Diar.
686 2020 791 2113 antiq.
816 2018 903 2087 stud.
936 2047 965 2087 a.
1000 2016 1092 2091 1841
1134 2042 1173 2114 p.
1197 2018 1260 2107 329

169 2130 294 2225 sqq.*),
319 2148 429 2199 tamen
440 2154 630 2227 repugnant
640 2133 745 2202 Gellii
767 2133 926 2201 verbale
944 2133 1163 2205 Graecorum
1179 2156 1257 2228 pos·

170 2266 285 2317 tarum
309 2271 416 2324 more,
444 2275 529 2343 quae
556 2246 600 2314 ad
625 2249 731 2343 ipsam
758 2272 894 2315 scenam
929 2266 1086 2342 spectare
1112 2266 1259 2343 apertum

168 2382 227 2431 cst
280 2359 347 2431 Sed
388 2362 432 2430 de
471 2363 539 2430 hoc
580 2359 888 2456 quomodocunque
921 2362 1143 2445 iudicabitur,
1177 2358 1260 2431 illud

167 2477 314 2545 dubitari
327 2472 457 2571 nequit,
485 2479 568 2571 quin
589 2478 678 2543 inter
697 2501 733 2543 sc
750 2477 908 2571 aequales
923 2477 1080 2544 Publium
1095 2479 1258 2573 Gnaeum-

167 2618 234 2687 que
261 2592 436 2686 Scipiones
460 2610 494 2660 et
516 2591 669 2659 Plautum
683 2593 924 2683 Naeviumque,
941 2608 1185 2659 rursusautem
1200 2590 1259 2659 Ct-

165 2723 282 2773 tonem
307 2724 340 2773 et
366 2704 549 2775 Caecilium
576 2706 698 2773 Cicero
726 2705 886 2798 cogitarit
936 2706 979 2771 Et
1011 2705 1090 2773 hoc
1122 2696 1258 2797 quidem

166 2816 226 2887 ille
259 2821 449 2888 verissime:
482 2845 560 2888 nam
590 2822 743 2913 quintum
772 2818 846 2885 sere
881 2835 914 2885 et
946 2818 1259 2913 quinquagesimum

168 2958 293 3001 annum
323 2934 448 3026 agebat
481 2951 515 3000 et
548 2935 613 3001 iam
639 2936 770 3001 iunctus
798 2959 936 3002 censura
963 2935 1046 3001 Cato
1072 2952 1171 3017 erat,
1195 2956 1257 3029 quo

164 3064 317 3140 tempore
350 3048 503 3115 floruisse
540 3048 724 3115 Caecilium
763 3048 987 3142 Hieronymus
1020 3065 1181 3129 testatur,
1216 3046 1257 3116 ol.

166 3162 249 3242 150,
279 3162 360 3233 th.
387 3186 415 3228 e.
444 3163 532 3229 circa
555 3187 677 3226 annum
702 3164 786 3232 575.
836 3163 908 3232 Nec
934 3179 1124 3256 repugnat,
1165 3144 1258 3256 ¹qnod

163 3274 324 3369 aequales
358 3279 449 3342 Brut.
484 3302 511 3344 c.
536 3277 696 3355 LXXIV,
735 3279 807 3348 ‘258
844 3276 1002 3344 dicuntur
1034 3254 1204 3343 Caecilius
1228 3292 1259 3341 et

163 3389 344 3478 Pacuuius,
379 3392 438 3486 qui
470 3392 512 3457 ab
549 3417 579 3457 a.
612 3392 684 3461 533
719 3390 762 3456 ad
788 3388 860 3460 624
895 3391 1028 3458 uixerit:
1063 3415 1143 3458 nam
1169 3386 1258 3483 quod

168 3501 301 3573 Gellius
324 3504 444 3586 XVII,
479 3508 523 3575 21
559 3522 642 3573 extr.
674 3507 811 3573 Ennius
843 3506 889 3572 ait
915 3522 950 3572 ct
972 3510 1071 3591 iacta
1093 3504 1260 3572 Caecilius

165 3632 201 3684 at
222 3618 419 3695 Terentius,
442 3642 487 3685 ac
510 3617 701 3689 subinde
724 3617 915 3701 Pacuvius,
950 3618 1053 3686 finem
1074 3619 1190 3711 potins
1213 3615 1259 3685 vi·

156 3746 214 3804 'tae
239 3761 341 3828 quam
366 3734 497 3801 initium
524 3737 702 3826 spectavit,
730 3760 804 3799 cum
829 3759 896 3801 uno
918 3752 997 3827 post
1010 3732 1159 3799 Ennium
1173 3754 1257 3835 anpp

160 3849 207 3942 (ht
233 3875 263 3919 e.
290 3846 380 3939 585)
408 3848 594 3918 Caecilium
620 3850 730 3916 obisse
756 3865 852 3914 notet
876 3848 1113 3941 Hieronymus.
1154 3836 1257 3925 ,Sim‘i-

162 4008 451 4027 Μ

210 4067 239 4136 *J
253 4065 353 4125 Contra
366 4068 463 4121 dtittcri
482 4068 731 4136 argumentationem
751 4081 818 4133 quac
831 4065 1017 4118 lllussmannus
1036 4079 1061 4130 p.
1072 4063 1104 4116 tc
1114 4101 1121 4115 .
1133 4099 1140 4113 .
1154 4065 1190 4117 ,18
1199 4041 1253 4130 sqq.

257 4153 375 4221 promtis,
396 4169 559 4223 nequaqnam
577 4153 622 4205 illa
643 4152 722 4215 levia,
741 4151 776 4202 ibi
797 4152 991 4218 expandentur,
1021 4149 1066 4203 nbi
1088 4147 1177 4202 Milin'c
1193 4147 1252 4217 glo·

261 4239 325 4289 riosi
351 4246 469 4307 tempora
487 4254 550 4293 cun
576 4236 625 4290 hac
651 4237 720 4289 omni
749 4237 904 4306 quaestione
928 4236 1141 4290 coniunctissima
1159 4233 1261 4287 cnce-

260 4323 398 4390 ptabtmua.
