2872 4942
518 369 683 410 eetevttet
719 367 909 411 ettvetete.
1184 343 1254 413 547

163 561 238 630 quo
264 553 392 603 servate
419 537 526 602 minus
554 535 778 627 probabiliter
804 537 1014 602 Hermannus
1039 560 1175 603 saevom
1199 563 1253 603 se-

166 675 295 717 verum.
349 687 386 698 -—
422 653 462 717 V.
491 658 510 721 7
548 652 590 715 ab
618 653 806 717 Hermanno
833 651 1001 717 adiectum
1026 675 1092 742 ego
1115 677 1255 743 prorsus

166 769 395 833 necessarium
426 792 497 833 esse
525 769 694 832 neminem
721 769 904 859 praeteriit.
969 767 1127 832 Eiusdem
1162 794 1258 861 pree-

170 882 266 949 elare
289 883 520 950 emendatione
550 885 721 974 proximus
741 908 852 949 versus
869 884 1054 949 restitutus:
1081 885 1144 949 nisi
1167 882 1258 976 quod

168 1021 189 1061 e
217 996 380 1062 librorum
408 999 572 1089 scriptura
601 1000 788 1064 omnium
812 999 902 1063 Nam
925 997 986 1087 pol
1005 997 1141 1089 placido
1168 1013 1202 1062 te
1225 1015 1260 1062 et

167 1113 332 1189 clementi
356 1137 430 1178 meo
465 1139 567 1203 usque
597 1113 697 1178 mado
728 1130 765 1178 at
788 1114 879 1180 volui
903 1139 980 1178 usus
1004 1135 1086 1178 sam'
1102 1119 1139 1179 in
1162 1114 1257 1178 alio
1291 1150 1294 1158 ·

166 1210 275 1296 recte¹
296 1230 394 1295 etiam
420 1210 460 1294 eo
486 1256 677 1322 pronomen
707 1228 957 1295 Lindemannus
984 1231 1134 1308 servavit,
1159 1256 1258 1322 quem

168 1345 206 1409 in
231 1344 295 1411 hac
322 1370 385 1409 una
411 1371 510 1411 scena
536 1372 610 1412 rara
643 1347 773 1441 femma
799 1371 893 1410 usum
932 1334 1107 1443 effluoties
1143 1370 1259 1411 vesum

171 1458 298 1524 vidisse
327 1483 367 1527 eo
394 1463 497 1552 magis
517 1465 629 1543 miros,
657 1486 723 1554 quo
743 1487 817 1527 eum
841 1464 1044 1553 compertius
1063 1461 1173 1526 habeo
1195 1486 1258 1552 per

170 1572 341 1668 reliquam
376 1576 518 1642 sahulem
556 1581 739 1644 universam
775 1600 849 1643 suo
885 1576 1020 1668 quidem
1056 1575 1181 1642 iudicio
1208 1577 1260 1642 vix

172 1689 227 1755 bis
256 1708 346 1757 terve
370 1690 499 1782 aliquid
526 1693 723 1783 prefecisse.
762 1695 958 1782 Quanquam
983 1717 1027 1757 ne
1049 1692 1094 1756 ita
1121 1689 1261 1782 quidem

169 1790 283 1900 potuit
308 1832 375 1875 non
403 1808 498 1874 simul
525 1812 559 1874 in
584 1811 710 1876 leviore
739 1826 829 1874 certe
856 1833 893 1873 re
919 1831 1074 1900 peecare:
1099 1833 1174 1872 nem
1190 1831 1259 1875 non

172 1919 222 1992 eie
247 1922 304 1989 ille
331 1925 579 2017 pronuntianda
606 1944 696 1992 sunt:
722 1949 761 1991 eo
781 1920 884 2017 a'sqae
904 1923 1003 1989 moda
1023 1941 1060 1990 ut
1080 1925 1170 1991 volui
1181 1918 1259 1991 esus

171 2062 248 2103 sam
270 2022 311 2103 in*
333 2039 428 2119 alte,
467 2040 527 2106 sed
562 2043 596 2106 in
622 2042 707 2108 hene
732 2041 895 2107 rationem
921 2044 1133 2131 potiuseeo
1157 2036 1259 2131 usqae'

172 2152 274 2219 modo
299 2171 335 2220 at
362 2155 452 2221 volui
472 2150 551 2221 asu's
573 2181 646 2222 sum
672 2161 708 2221 in
732 2157 812 2222 alto.
872 2155 945 2221 Nec
971 2180 1118 2248 unquam
1144 2152 1259 2248 dacty-

172 2269 245 2339 lum
271 2269 424 2363 dactylus
448 2273 483 2336 in
509 2272 560 2337 his
585 2273 735 2338 versibus
764 2272 899 2364 excipit.
961 2272 1116 2336 Bothium
1149 2287 1261 2337 eutem

171 2393 296 2459 mirere
324 2411 436 2484 spreto
466 2394 673 2469 accusative,
706 2417 808 2483 quem
835 2416 853 2457 e
879 2391 1110 2456 elementimeo
1135 2389 1259 2457 felicie-

173 2510 255 2574 eime
277 2508 489 2573 Hermennus
516 2509 610 2586 eruit,
633 2507 830 2598 praetulisse
848 2507 985 2599 placido
1007 2524 1041 2572 te
1058 2523 1092 2573 et
1113 2507 1259 2577 elemen-

173 2626 210 2703 ti,
237 2623 353 2688 tulisse
376 2641 485 2689 eutem
514 2625 667 2715 ineptum
693 2646 784 2688 meo
811 2648 914 2717 usqae
941 2622 1112 2688 modo.-
1138 2623 1168 2688 A
1195 2620 1256 2691 v.9

173 2739 339 2831 graviores
366 2741 483 2805 turbae
510 2741 684 2830 incipiunt.
742 2739 840 2805 Tales
876 2741 967 2806 enim
994 2741 1029 2804 in
1050 2740 1175 2808 Vetere
1199 2763 1255 2806 ce-

174 2852 249 2920 diee
276 2856 419 2946 proximi
439 2841 559 2920 >versus
587 2872 731 2920 exstent:

270 2966 383 3062 Atque
408 2970 498 3035 hane
524 2986 617 3035 tuam
641 2969 791 3060 gloriam
812 2974 880 3035 iam
894 2987 978 3036 ante
996 2970 1135 3037 ateihas
1157 2997 1255 3038 aece-

612 3109 732 3177 peram
754 3103 789 3151 et
815 3085 937 3177 nobp'lis
968 3112 1054 3178 apra
1087 3086 1254 3164 hemines,

268 3200 480 3293 Pauperibus
508 3218 549 3265 ⁴te
575 3226 719 3290 parcere
744 3202 899 3283 solitam,
934 3201 1056 3269 divites
1086 3204 1254 3271 damnare

616 3334 719 3410 atque

268 3435 421 3500 Demere
446 3482 453 3497 .
480 3432 538 3499 abi
561 3432 664 3499 laada
690 3437 756 3499 seis
780 3432 904 3499 ordine
923 3451 960 3500 ut
984 3453 1154 3528 aequunct

176 3572 186 3603 ,·
269 3550 438 3615 Tractare
471 3549 624 3613 homines
659 3597 666 3614 .
701 3549 765 3613 hoc
797 3547 851 3614 dis
882 3548 1051 3641 dignunst
1078 3600 1087 3619 .
1120 3575 1251 3643 semper
1343 3622 1346 3629 ,

617 3663 781 3729 mendicis
805 3663 952 3732 modesti
973 3670 1053 3731 sint.

249 3770 376 3846 'Fidus
398 3782 511 3863 fuisti
543 3777 685 3870 infidam
712 3749 790 3845 ‘esse
819 3785 950 3845 iterant
976 3830 983 3846 .
1007 3804 1087 3844 nam
1123 3802 1249 3873 apsque

607 3896 713 3977 foret
737 3910 810 3958 stat
831 3899 900 3959 scio
924 3899 961 3959 in
986 3895 1057 3959 alte

173 4042 176 4049 ·
269 4011 524 4076 Distraxissent
546 4007 663 4098 disque
688 4007 846 4072 tulissent
867 4008 1031 4074 satellites
1048 3974 1103 4075 tat,
1118 4033 1169 4074 me
1189 4035 1252 4075 mt-
1316 4046 1325 4061 e

610 4145 722 4188 serem
737 4121 852 4209 soede
880 4150 908 4189 e.
937 4151 968 4217 q.
995 4149 1019 4190 s.
1232 4125 1234 4128 ⁴

164 4244 199 4310 Δ
231 4263 300 4334 quo
340 4239 496 4331 exemplo
529 4240 563 4304 in
595 4240 645 4304 his
684 4255 810 4307 tentum
843 4242 1040 4306 Decuetetus
1076 4240 1257 4336 discrepet,

162 4354 264 4452 quod
292 4382 320 4424 v.
350 4361 365 4421 t
408 4356 512 4422 habet
536 4353 666 4422 nobiles
692 4338 802 4444 apud,
837 4380 865 4421 v.
888 4357 911 4424 2
937 4354 1145 4448 dampnare,
1178 4382 1207 4426 v.
1233 4359 1256 4426 3

1183 4504 1216 4559 0
