2872 4942
455 406 466 437 ,
512 381 677 426 rarnvnnt
706 377 899 425 ratramus.
1176 358 1247 428 555

162 578 247 619 nam
269 589 298 599 a
323 579 350 619 e.
361 581 392 646 q.
402 579 437 632 s.,
461 569 518 618 aut
542 552 680 618 sortasse
704 549 887 642 simplicius
915 559 1031 621 etiam:
1058 551 1165 620 Fides
1185 576 1249 617 mt-

164 685 236 736 tem
260 669 329 752 illa!
347 687 419 745 tua,
442 667 610 760 perfidiae
635 692 735 759 quam
762 668 861 758 vulgo
889 687 1032 762 crepant
1057 671 1249 742 contraria,

164 788 204 850 in
218 809 272 850 me
294 785 347 851 vel
367 788 532 878 primario
560 784 712 876 exemplo
738 777 882 865 enituit,¹
897 803 935 852 nt
957 810 1056 880 quem
1076 802 1148 850 non
1163 809 1184 849 e
1202 784 1251 849 le-

167 904 262 969 viore
287 901 484 968 discrimine
506 904 664 979 servaris,
689 899 752 964 sed
766 916 907 990 praeter
925 903 1062 967 solitum
1079 904 1248 992 propitius

164 1032 333 1110 tanquam
355 1021 533 1109 praesenti
557 1020 663 1081 exitio
690 1020 863 1107 eripueris.
897 1019 1085 1110 Vtrumque
1103 1018 1138 1082 in
1164 1033 1252 1082 tanta

155 1133 270 1198 'animi
309 1135 533 1199 commotione
568 1131 746 1224 significari
781 1133 842 1197 ista
877 1124 1055 1200 verborum
1090 1132 1251 1198 brevitate

164 1248 316 1340 potuisse
343 1273 443 1320 nemo
471 1273 539 1315 non
566 1247 666 1314 videt.
711 1250 781 1314 Nec
806 1249 841 1313 in
870 1272 909 1315 eo
937 1250 995 1341 qui
1019 1248 1125 1340 sapiat
1146 1246 1252 1313 ollan-

166 1361 243 1444 det,
272 1363 363 1455 quod
390 1363 618 1456 periculorum
647 1361 798 1443 illorum,
823 1388 909 1455 quae
936 1363 1038 1430 modo
1066 1361 1253 1454 descripsit,

167 1476 241 1545 dira
257 1479 494 1546 recordatione
516 1481 734 1545 commonitus
753 1479 835 1546 hacc
855 1480 989 1546 subiicit
1005 1505 1034 1544 v.
1045 1479 1109 1547 29:
1128 1474 1252 1568 Apage

168 1599 330 1669 amasis,
354 1620 495 1687 quorum
522 1597 600 1659 item
628 1593 754 1685 duplex
780 1611 892 1685 potest
909 1594 954 1660 vis
971 1619 1051 1672 esse,
1079 1594 1105 1658 si
1124 1591 1165 1657 ad
1184 1591 1255 1657 dia-

166 1710 321 1776 lecticam
352 1712 557 1776 severitatem
590 1711 721 1802 exigere
759 1711 925 1800 poeticam
951 1708 1254 1800 breviloquentiam

168 1823 333 1904 volumus,
360 1842 415 1889 aut
432 1826 529 1891 haec:
556 1827 673 1892 Ταητα
699 1818 848 1914 igitur
873 1851 947 1890 cum
966 1830 1012 1890 sit
1030 1828 1135 1889 muris
1160 1840 1256 1888 atro-

168 1944 280 2024 citas,
319 1939 401 2030 quid
429 1943 549 2005 mirum
580 1944 612 2005 si
645 1941 733 2005 nittt
760 1944 990 2032 inposterum
1013 1940 1148 2006 voluero
1175 1939 1258 2004 milti

169 2072 281 2121 tecum
307 2059 360 2120 rei
381 2080 477 2134 esse,
513 2060 651 2120 tametsi
676 2080 767 2121 nnnc
796 2081 848 2121 me
873 2060 1043 2134 servarim
1076 2074 1130 2121 aut
1161 2056 1254 2134 haec,

169 2195 256 2264 quae
283 2196 474 2263 quanquam
498 2170 620 2238 leviter
645 2189 770 2237 tautum
797 2172 929 2238 inverso
955 2174 1172 2264 cogitatorum
1200 2195 1254 2236 or-

171 2285 253 2353 dine
280 2312 389 2377 paene
405 2285 527 2361 eodem
547 2287 644 2365 redit,
672 2304 783 2353 tamen
796 2288 937 2379 propius
955 2287 997 2353 ad
1017 2306 1162 2352 extrema
1182 2311 1257 2352 ver·
1325 2306 1328 2321 ¹

169 2403 215 2469 ba
235 2401 290 2488 (ni
302 2425 373 2494 pax
388 2407 541 2494 propitia
556 2405 661 2489 foret
678 2401 835 2495 praesto)
853 2404 1059 2495 astringitur:
1085 2401 1170 2469 Sed
1195 2418 1257 2466 ta·

170 2543 273 2592 men,
299 2523 514 2611 quantumvis
528 2535 689 2610 paratum
706 2520 870 2584 auxilium
893 2534 987 2584 tuum
1004 2534 1164 2608 expertus
1179 2521 1255 2592 sim,

170 2651 208 2700 nt
223 2634 336 2699 denno
354 2635 417 2700 tibi
434 2632 682 2757 confidam&
700 2650 804 2701 tanta
823 2639 958 2700 itineris
983 2638 1146 2709 maritimi
1165 2632 1291 2723 diff&

171 2751 300 2817 cultate
317 2773 388 2815 non
398 2768 520 2842 potero
542 2775 564 2813 α
586 2773 638 2814 me
653 2755 897 2841 impetrare-
911 2752 1068 2816 Ceterum
1082 2747 1171 2840 quod
1184 2748 1256 2820 Ne-

171 2867 267 2958 ptuni
292 2864 502 2956 deorumque
522 2867 719 2956 aequitatem
732 2865 933 2956 praedicans
955 2863 1150 2931 Charmides
1171 2820 1259 2930 ndnc

168 2980 212 3047 de
228 2979 432 3071 pauperibus
455 2998 487 3046 et
503 2979 670 3060 divitibus,
697 3007 786 3047 nunc
806 2979 848 3046 de
865 2980 1030 3046 mendicis
1043 2999 1074 3047 et
1088 2979 1255 3046 nobilibus

172 3094 333 3188 loquitur,
362 3113 504 3188 apparet
530 3095 595 3162 levi
621 3098 797 3162 verborum
821 3097 1039 3162 inconstantia
1072 3122 1165 3163 usum
1194 3121 1257 3163 una

170 3214 310 3278 notione
338 3211 452 3276 divites
477 3211 675 3302 nobilesque
702 3213 852 3304 itemque
877 3238 1044 3305 pauperes
1072 3232 1105 3279 et
1125 3213 1257 3306 ignobi-

170 3325 223 3392 les
251 3324 550 3416 comprehendere.
576 3327 639 3392 ‘Ad
667 3352 755 3403 snam
784 3345 895 3393 autem
922 3326 1157 3393 condicionem
1182 3352 1255 3392 cum

169 3440 263 3509 illam
289 3441 425 3507 laudem
452 3443 694 3521 accommodat,
721 3467 789 3508 non
815 3444 972 3510 continuo
995 3442 1157 3510 mendicis
1183 3468 1257 3509 sese

173 3558 467 3636 annumeratssieed
495 3577 619 3624 tantum
648 3559 770 3625 ditibus
798 3576 831 3626 et
845 3559 1013 3625 nobilibus
1038 3559 1187 3651 opponit.
1213 3560 1259 3622 Vt

175 3672 262 3743 nihil
283 3674 435 3764 profecto
469 3677 707 3764 repugnantiae
742 3701 814 3741 cnm
842 3675 986 3767 insipido
1012 3678 1198 3765 interprete
1225 3674 1259 3738 in

173 3813 215 3856 eo
242 3788 475 3881 quaerendum
502 3793 554 3870 sit,
584 3789 781 3882 quadratis
806 3815 842 3856 se
865 3788 1151 3882 partnmlzabere,
1178 3787 1257 3853 dnm

159 3903 245 3995 filio
267 3902 410 3971 diuitias
435 3911 640 3998 quaesierit,
663 3933 690 3970 v.
721 3908 764 3976 19
790 3907 882 3986 dicit,
908 3905 959 3971 vel
982 3929 1114 3972 merces
1139 3928 1158 3970 e
1184 3907 1256 3971 navi

119 4035 121 4052 '
172 4021 285 4088 efferri
308 4022 405 4088 iubet
430 4025 487 4102 IV,
513 4019 547 4100 lt,
574 4024 635 4100 ll,
671 4020 721 4086 vel
750 4047 788 4085 rc
823 4008 910 4085 b'cne
942 4039 1031 4111 gesta
1063 4046 1100 4086 se
1126 4019 1256 4086 redisse

173 4155 313 4205 testatur
327 4142 369 4218 V,
384 4144 415 4218 2,
430 4143 487 4208 58.
541 4138 622 4203 Nam
651 4164 723 4204 cum
751 4140 838 4202 inter
864 4122 1258 4228 divitum⁴nobiliumque

172 4272 208 4319 et
242 4255 474 4321 mendicorum
507 4254 751 4345 humiliumque
793 4252 1026 4319 condicionem
1061 4253 1154 4317 multi
1189 4272 1260 4319 tan-

172 4395 276 4463 quam
303 4372 426 4464 gradus
448 4372 613 4451 intersint,
642 4372 719 4450 etsi,
746 4394 812 4462 quo
840 4370 914 4462 quis
940 4369 1079 4466 propius¹
1105 4367 1148 4434 ad
1173 4369 1258 4435 hanc
