2872 4942
203 338 275 406 56‘2
519 363 559 402 tx.
610 358 654 402 uu
683 360 974 407 ιιιιιιιοιιιιοιιιι

126 582 128 589 -
204 529 383 601 struendus
418 549 475 597 est
528 529 627 614 Quod
660 556 677 598 e
709 531 864 599 Palatinis
898 532 996 599 libris
1028 551 1064 600 et
1101 534 1162 602 ed.
1185 536 1275 628 princ.

201 650 371 740 vulgatur,
395 650 427 712 si
449 649 532 711 itast
557 661 594 710 ut
614 646 816 738 praedicas,
850 674 868 714 e
893 647 1186 728 maleintellecto
1209 669 1275 715 suut

200 766 289 830 vocis
318 759 523 854 compendio
547 767 587 826 st’
615 781 722 829 ortum
751 782 808 830 est.
871 765 911 831 Et
936 789 980 830 ne
1004 790 1127 832 versus
1153 767 1275 860 quidem

200 881 370 947 constabat
402 879 465 943 nisi
498 879 622 944 inserto
657 879 838 944 Hermanni
874 883 1069 948 coniectura
1104 898 1144 947 tu
1167 907 1275 975 prouo-

197 997 296 1061 mine.
347 992 450 1059 Nihili
477 1011 583 1058 autem
613 1010 665 1057 est
687 995 868 1061 sententia:
903 994 1006 1061 eredo
1042 996 1157 1073 haee,
1190 1002 1275 1063 siitu

199 1127 250 1176 est
278 1126 315 1175 ut
341 1109 440 1184 dieis,
466 1132 529 1174 nec
547 1109 649 1200 magis
671 1110 790 1176 rationi
806 1129 1032 1181 consentanea
1054 1111 1163 1180 haec:
1189 1111 1274 1179 credo

196 1227 293 1301 liaeo,
318 1231 350 1291 si
374 1229 425 1291 ita
449 1241 529 1290 sunt
555 1240 593 1290 ut
615 1223 709 1290 dicis.
768 1225 881 1308 Qualis
908 1226 1048 1318 quidem
1077 1227 1273 1295 condicionis

192 1328 245 1408 uis
271 1366 339 1408 non
366 1340 428 1406 alia
458 1341 521 1405 uisi
548 1341 632 1406 haec
665 1343 727 1405 sit:
767 1340 869 1406 credo
895 1341 960 1407 ltoe
983 1366 1102 1408 verum
1128 1341 1220 1423 esse,
1248 1348 1272 1410 st'

194 1440 312 1523 vertam
333 1475 395 1525 est.
431 1455 620 1522 Dicendum
640 1456 747 1523 fuerat
759 1474 815 1522 aut
842 1456 945 1522 credo
967 1459 1056 1525 haec
1082 1463 1137 1525 ita
1157 1485 1228 1526 esse
1243 1477 1271 1526 ut

195 1571 300 1650 dicis,
340 1591 395 1638 aut
420 1571 537 1637 saltem
566 1570 668 1636 credo
690 1596 777 1664 quae
800 1577 850 1651 ita
875 1598 948 1639 esse
973 1572 1071 1640 dieis.
1125 1576 1215 1668 Ergo
1236 1575 1270 1642 ad

196 1686 288 1753 aliud
304 1688 463 1781 quiddam
479 1687 693 1753 referendum
722 1687 804 1754 illutl
834 1687 936 1754 credo
963 1707 1043 1768 erat,
1066 1689 1203 1784 reliqua
1225 1718 1271 1756 au·

85 1830 148 1927 α.
195 1823 264 1871 tem
289 1821 410 1869 mutata
437 1790 849 1894 interpungendftatione
877 1804 1125 1897 coniungenda.
1143 1840 1190 1853 -
1217 1806 1271 1872 Ce-

193 1938 301 1985 terum
329 1920 356 1984 si
381 1917 526 1995 illorum,
554 1941 637 2009 quos
664 1916 813 1995 lusimus,
840 1944 997 1984 versuum
1024 1918 1154 1986 similes
1181 1917 1269 1986 Calli·
1307 1938 1309 1957 ¹

194 2033 263 2100 cles
287 2034 532 2127 pronuntiabat,
559 2051 608 2098 sat
632 2033 733 2100 multa
758 2035 935 2111 restabant,
961 2034 1003 2100 ad
1027 2042 1130 2127 quad
1144 2054 1179 2103 et
1201 2057 1269 2128 pro·

191 2153 277 2216 xima
304 2153 373 2216 eius
400 2150 501 2216 verba
527 2150 838 2241 specta1·ent:·sed
863 2149 1014 2215 narrabo
1035 2154 1135 2216 intus
1161 2151 1222 2217 tibi
1241 2165 1268 2215 et

127 2319 139 2326 .
191 2266 256 2363 hoq
281 2282 316 2331 et
340 2265 412 2330 alia
439 2264 481 2355 (v,
508 2263 564 2348 9),
605 2282 638 2330 et
669 2267 798 2331 initium
833 2268 902 2332 eius
935 2290 1077 2346 scenae,
1114 2293 1183 2360 qua
1203 2282 1267 2360 pust

190 2384 353 2449 rationem
379 2407 397 2446 a
423 2378 560 2447 Callicle
586 2379 775 2472 singillatim
801 2381 968 2447 redditam
992 2406 1128 2448 rursum
1158 2408 1199 2448 ex
1221 2407 1265 2447 ae·

191 2495 289 2561 dibus
318 2495 513 2563 Charmides
540 2495 722 2586 prodiens,
762 2523 862 2588 quam
895 2497 992 2562 firme
1027 2498 1095 2562 sibi
1127 2496 1262 2565 Calliclis

190 2612 291 2678 fidem
314 2612 411 2678 huius
437 2611 584 2677 narratio
609 2614 831 2707 persuaserit,
866 2613 916 2678 his
948 2613 1103 2680 versibus
1131 2613 1294 2681 declarat-‘l

194 2724 251 2811 (V,
278 2723 332 2811 2):

288 2836 406 2933 Ne'que
420 2843 499 2927 fuit
526 2863 635 2932 neque
661 2835 727 2905 erit
764 2864 872 2934 neque
897 2866 970 2907 esse
992 2866 1190 2935 quenquam
1212 2836 1261 2908 1ιό-

657 2960 785 3021 mittum
810 2961 847 3022 ἰιι
872 2974 969 3023 terra
1000 2958 1084 3024 dum
1109 2959 1260 3031 drbitror,

294 3065 385 3161 Quoi
399 3071 497 3163 fides
516 3067 740 3165 fidelitasque
773 3068 918 3139 amicum
955 3098 1042 3164 erga
1080 3065 1260 3169 aequiperet

661 3204 771 3253 tuam:

288 3304 379 3369 Nam
403 3298 699 3396 exaedificavisset
724 3328 775 3368 me
798 3328 843 3368 ex
867 3303 920 3370 lais
945 3300 1112 3407 qffibus,
1149 3305 1257 3398 absque

662 3416 695 3484 ιέ
719 3423 824 3501 forat.
1028 3404 1037 3417 ”
1119 3502 1135 3515 ,.

192 3537 240 3600 Ita
269 3534 378 3613 enim,
415 3549 530 3610 tuam,
569 3536 679 3602 medio
705 3560 803 3602 versu
833 3534 1051 3602 scribendum
1078 3516 1257 3632 piu'suum.

191 3652 372 3742 Superiore
396 3675 495 3715 scena
520 3651 603 3717 nihil
627 3654 690 3716 nisi
715 3651 780 3717 hoc
802 3651 1002 3718 Charmides
1023 3652 1257 3747 significaverat,

193 3767 332 3834 credere
360 3791 404 3846 se,
432 3767 468 3830 si
492 3769 602 3834 omnia
628 3770 686 3834 ita
710 3784 865 3834 essent
889 3786 925 3833 ut
944 3746 1087 3835 dixisset
1100 3764 1256 3837 Calliiles:

192 3906 297 3960 nunc,
325 3884 427 3973 quin
451 3882 512 3947 ita
537 3885 660 3965 sint,
691 3884 774 3949 nihil
800 3884 865 3949 iatit
889 3882 1106 3967 dubitationis
1132 3880 1255 3952 sibire·
1306 3906 1309 3947 t

190 3995 304 4062 lictum
332 3996 460 4062 fatetur.
989 4022 994 4091 j
1047 3988 1061 4017 ³

286 4115 383 4178 Nunc
409 4131 445 4179 ut
474 4129 697 4194 revertamur,
720 4112 813 4183 unde
841 4112 1100 4207 digrediendum
1125 4116 1192 4196 fuit,
1214 4124 1253 4177 s'a·

189 4229 228 4290 tis
255 4228 294 4291 ab
322 4229 413 4293 omni
443 4246 537 4321 parte
564 4230 688 4295 munita
722 4206 855 4297 videtur
890 4254 1010 4297 scenae
1045 4230 1133 4299 haec
1164 4230 1252 4297 formu

192 4359 354 4407 extremae
364 4368 370 4406 :

1104 4508 1143 4553 ιιι·-
