2872 4942
171 398 243 469 otta
587 420 641 463 vn.
668 420 710 462 ne
739 418 853 463 etevat

173 593 364 689 quomodo,
398 619 482 690 qnos
515 593 696 661 versiculos
730 610 808 660 natu
836 591 967 661 Siculus
990 592 1096 661 humo
1122 593 1258 685 Neapoli

172 715 433 805 composuisset,
470 714 505 777 in
541 736 597 777 cus
624 712 798 777 Messanae
824 709 910 777 ione
932 708 1089 777 incidere
1113 710 1255 777 Lascaris

169 828 326 920 potuerit.
363 830 414 894 Ac
440 827 577 893 forsitan
634 826 732 920 iqttid
759 826 842 892 lascis
868 829 901 892 iu
925 827 1013 893 lianc
1030 828 1282 920 quaestionem*

169 940 362 1009 redundare
389 968 430 1009 ex
458 967 498 1009 eo
525 941 601 1009 cudi
625 944 644 1006 e¹
665 944 814 1034 potuerit
829 991 837 1020 ,
873 968 976 1035 quem
1002 940 1190 1011 duodecim
1214 942 1254 1008 la·

77 1050 79 1055 '
168 1057 263 1125 bulas
288 1062 491 1151 posteriores
524 1057 804 1150 complectentem
831 1060 1005 1126 Messanae
1036 1057 1252 1152 Goettlingius

167 1173 270 1254 vidit,
302 1198 392 1240 nunc
426 1174 568 1240 relatum
593 1176 628 1238 iu
653 1172 774 1239 Blumii
801 1172 958 1241 Biblioth.
979 1171 1058 1240 libr.
1085 1172 1250 1240 mss.1nl.

167 1316 199 1384 p.
227 1294 309 1361 ‘227-
360 1292 433 1358 Nec
467 1292 645 1382 quicquam
681 1313 814 1354 caussae
849 1312 921 1355 esse
944 1287 1060 1371 video,
1095 1314 1159 1356 cur
1180 1287 1249 1355 dolo

164 1407 252 1474 malo
278 1410 389 1500 potius
414 1408 530 1500 egisse,
558 1431 657 1499 quam
682 1403 800 1471 lusisse
823 1407 923 1471 animi
950 1430 1064 1473 caussa
1085 1406 1249 1474 Panormi-

165 1540 232 1589 tam
258 1525 476 1616 suspicemur,
503 1521 553 1586 vel
581 1521 624 1589 dc
651 1520 816 1588 fraudis
841 1522 1006 1614 participe
1032 1524 1177 1590 Lascare
1200 1544 1249 1588 εο-

95 1677 105 1692 κ
165 1641 304 1732 gitemus
328 1665 402 1705 cum
425 1637 626 1705 Niebuhr-io:
662 1661 702 1704 eo
740 1638 849 1702 minus
884 1662 1034 1716 caussae,
1069 1635 1165 1730 quud
1191 1660 1249 1703 nou

164 1756 340 1822 obscuram
374 1755 476 1841 fuisse
515 1751 603 1818 illius
638 1753 867 1847 supplementi
902 1753 1065 1846 originem
1096 1754 1174 1846 ipso
1206 1753 1247 1818 Pii

162 1868 318 1962 exemplu
346 1869 463 1935 doceri
489 1867 660 1949 videmur,
698 1872 749 1936 cui
787 1868 923 1964 quidem
947 1867 1159 1962 reliquarum
1183 1892 1247 1936 scc-

160 2010 278 2051 narum
310 1985 559 2077 suppositarum
589 2004 766 2069 auctores,
807 2004 966 2078 quantum
1000 2010 1039 2050 ex
1069 1987 1142 2052 eius
1168 2008 1245 2053 com-

159 2102 332 2167 mentariis
358 2100 440 2168 licet
464 2099 625 2179 indicare,
649 2124 718 2168 non
733 2102 813 2168 item
832 2101 955 2194 cogniti
980 2099 1129 2171 suerunt.
1157 2094 1244 2185 Quod

159 2201 274 2282 valere
302 2216 408 2285 etiam,
425 2217 461 2280 in
490 2213 678 2283 Aululariae
700 2216 792 2283 illam
818 2241 951 2282 scenam
970 2213 1059 2295 vulo,
1084 2241 1183 2309 quam
1202 2238 1245 2280 er·

159 2349 277 2397 rarunt
303 2354 418 2398 omncs
451 2331 510 2423 qui
543 2357 561 2396 a
600 2312 821 2424 Carpeutario
857 2333 1004 2424 primum
1031 2330 1155 2397 editam
1179 2352 1242 2395 nar·

161 2464 289 2513 rerunt.
339 2447 498 2513 Ceterum
532 2464 633 2538 quem
668 2447 849 2541 Longolius
885 2445 1039 2515 codicem
1072 2450 1243 2577 Romanntp
1263 2476 1276 2543 ,ε

160 2581 353 2642 antestatus,
381 2563 425 2630 de
453 2586 494 2630 eo
521 2563 576 2629 hic
600 2562 718 2630 dicere
748 2589 788 2631 eo
818 2548 926 2629 minui
953 2564 1081 2647 attinet,
1112 2587 1178 2657 qno
1201 2558 1252 2626 dt·'¹

163 2678 320 2772 ligantias
346 2681 381 2745 iu
408 2703 484 2745 eum
510 2675 575 2742 alio
599 2677 676 2746 loco
702 2680 944 2773 inquisivimus.
970 2674 1001 2764 *)

667 2949 755 3038 su
852 2872 856 2881 ⁸

263 3125 374 3191 Vnum
398 3122 557 3216 quiddam
584 3141 694 3203 restat,
730 3122 862 3190 silentio
888 3117 956 3191 noir
981 3124 1226 3218 praetermittet·

168 3238 258 3318 dum,
291 3241 368 3332 quia
396 3241 608 3307 coniunctum
636 3258 685 3305 est
709 3265 784 3306 cum
802 3240 935 3307 utiliora
949 3243 1156 3333 quaestione.
1180 3237 1224 3300 Lt-

166 3353 285 3447 pidum
311 3354 399 3419 enim
425 3354 627 3422 Bacclridum
653 3356 905 3421 instauratorem
928 3341 972 3422 nc
994 3358 1089 3450 origo
1115 3350 1222 3450 quiden

168 3467 300 3537 fabulae
328 3469 457 3535 Graeca
486 3471 569 3561 sugit
592 3469 727 3563 Prologi
749 3498 778 3536 u.
807 3469 875 3538 36:

266 3585 447 3653 Philemon
473 3585 646 3653 Graecam
672 3587 751 3651 olim
777 3586 873 3651 dedit
889 3585 1063 3672 fabulam.

266 3704 372 3768 Hanc
396 3705 454 3792 qtti
477 3707 706 3792 graecissant,
734 3701 926 3768 Euantidcs
952 3698 1162 3794 rtancapant:

266 3817 398 3895 Plotns,
424 3821 482 3908 qtti
504 3817 698 3897 latinassat,
726 3835 824 3882 vocat
848 3817 1049 3886 Bacchides.

238 3938 256 3969 a

272 4090 418 4140 academica
440 4088 558 4140 Leidausi
579 4098 706 4142 servatum
728 4095 878 4144 monstravit
894 4093 914 4144 1.
935 4092 1018 4144 Geelii
1037 4085 1222 4160 propensairffll

274 4176 402 4226 voluutas.

220 4265 248 4328 ”)
276 4261 339 4312 llus.
361 4262 404 4327 ph.
424 4261 471 4312 tth.
491 4260 508 4312 l.
529 4278 551 4312 e.
571 4278 595 4328 p.
621 4261 670 4314 166
690 4278 746 4329 sqq·
775 4261 925 4331 Quanquam
943 4277 1045 4328 eorum,
1071 4244 1224 4332 quaettttolt

275 4347 389 4398 Romano
411 4348 501 4399 codice
519 4348 637 4417 Longolii
658 4350 775 4413 conieci,
799 4353 914 4417 quamvis
943 4350 1059 4405 studiose
1075 4333 1223 4405 Romanii·

273 4432 409 4487 bliutlrecis
430 4438 612 4504 pervestigans
633 4437 697 4489 nihil
715 4437 842 4491 affirmare
860 4437 930 4489 licet.
