2872 4942
486 344 735 388 nosrutttatuu
764 345 959 390 ruuvrmtn.
1183 321 1255 395 483
1291 348 1293 352 ’
1380 398 1382 401 ,
1429 338 1435 368 ⁶

329 522 362 586 Ο
387 509 609 613 carnnfiainm
631 521 788 602 cribrum,
814 522 907 615 qnod
928 523 1031 589 credo
1049 527 1160 611 fore:

239 636 243 645 '
324 636 386 700 Ita
415 651 449 700 te
461 635 640 723 forabunt
662 637 891 727 patibulatum
912 663 977 730 per
1002 644 1073 705 vias

326 749 493 826 Stimulis,
517 756 550 816 si
573 752 638 817 line
662 759 819 818 reveniat
842 779 968 820 senex:
1118 792 1141 833 a

172 859 298 931 luorum
325 883 512 934 extremum
546 836 703 935 veriuum
725 887 761 934 ut
786 873 976 961 interpretis
1003 871 1264 938 additamentum

166 975 289 1046 deleri
313 983 449 1049 Bothius
474 984 576 1050 iussit.
628 983 696 1049 Sed
720 1011 796 1050 cum
821 986 856 1048 in
868 986 991 1052 Vetere
1019 987 1094 1052 cod.
1119 988 1264 1052 stimulis

161 1094 199 1162 sit
230 1122 264 1161 a
282 1123 389 1190 ¹manu
415 1124 492 1178 sec„
521 1126 538 1164 a
564 1101 673 1191 prima
698 1099 1088 1195 fue1·itstimnliis,Quis
1115 1081 1166 1170 est·
1181 1105 1263 1196 quin

161 1213 193 1277 in
232 1237 284 1278 ea
310 1215 475 1307 scriptura
508 1216 674 1280 stimuleis
706 1215 904 1283 adiectivum
936 1217 1039 1284 latere
1074 1221 1264 1311 perspiciat,

165 1326 278 1420 quod
305 1327 427 1419 legitur
453 1331 551 1396 etiam
575 1330 673 1398 Milit.
700 1332 741 1412 ΙΙ,
768 1330 801 1412 6,
818 1336 882 1402 31:
916 1335 1111 1400 Nisi'milzi
1139 1334 1265 1426 snppli-

163 1444 269 1508 cium
283 1444 476 1509 stimuleum
496 1445 539 1510 de
553 1420 726 1521 tfflatnr:
754 1473 956 1541 manensque
977 1475 1135 1516 numeros
1160 1451 1263 1517 ascito

169 1554 385 1627 substantivo
408 1561 618 1654 supplendos
647 1587 717 1629 esse
745 1563 933 1631 concedat?
980 1564 1205 1633 Scribendum
1231 1567 1266 1631 ni

173 1667 298 1757 fallor,
928 1720 964 1797 Φ

297 1850 300 1854 ,
328 1769 503 1842 Stimtlleis
528 1773 683 1858 terebris,
710 1770 775 1843 lm'c
799 1781 832 1843 si
855 1776 1012 1844 revenia't
1034 1802 1150 1844 senex.

120 1882 124 1887 ’
187 1885 478 1967 Quemadmodum
505 1893 592 1958 enim
621 1917 697 1959 cum
713 1891 891 1959 scribendi
910 1895 1017 1962 verbo
1033 1895 1138 1960 iunxit
1162 1908 1266 1984 poeta

117 2078 119 2087 Ι
190 2001 281 2071 stilos
303 1992 430 2073 ulmeos
454 2005 574 2073 Pseud.
601 2010 626 2088 I,
641 2009 674 2087 5,
692 2012 750 2089 32,
778 2034 854 2075 cum
880 2006 1021 2074 bibendi
1043 2010 1178 2075 notione
1202 2031 1266 2099 po-

117 2098 142 2183 J'
192 2115 313 2187 tionem
336 2126 493 2187 iunceam
515 2121 620 2191 Stich.
648 2126 705 2205 IV,
733 2127 766 2205 2,
793 2123 851 2207 56,
873 2142 912 2190 et
936 2127 964 2190 si
991 2149 1078 2216 quae
1103 2122 1166 2188 alia
1189 2123 1268 2188 lusit

192 2226 347 2318 similiter,
369 2238 413 2304 ita
439 2239 614 2304 stimulans
633 2238 787 2306 terebras
813 2239 942 2307 rettulit
967 2239 1008 2305 ad
1014 2237 1173 2335 sorandi
1186 2262 1269 2330 ope·

117 2424 120 2443 ‚
190 2362 269 2419 r²111:
306 2377 373 2446 quo
403 2355 493 2422 enim
517 2354 580 2423 alio
610 2358 830 2423 instrumento
864 2356 964 2422 forari
988 2355 1080 2421 cribr
1107 2353 1268 2444 *rogitesl

1158 2460 1173 2489 ll

117 2532 133 2611 r¹
190 2492 293 2575 Versu
323 2527 431 2577 autem
463 2511 573 2602 primo
599 2512 839 2601 carnuficium,
878 2537 940 2604 pro
973 2535 1039 2604 quo
1068 2508 1268 2600 oarnfionm

124 2620 136 2681 ἶ
180 2621 301 2707 totid,
335 2627 575 2719 carnificinam
603 2627 770 2721 Scaliger,
798 2646 890 2695 recte
916 2628 1038 2694 factum
1065 2644 1100 2692 ut
1122 2625 1267 2718 pontfi-

132 2788 135 2793 .
196 2731 274 2806 cius?
310 2774 313 2779 ·
821 2727 823 2732 ⁵

199 2868 237 2889 ⁴⁴
266 2856 396 2928 ¹Solius
432 2875 540 2924 autem
570 2858 852 2952 interpretationis
883 2882 949 2951 ope
982 2883 1056 2926 cum
1093 2857 1154 2923 alia
1187 2882 1269 2949 per-

117 2972 122 3003 '³
195 2972 286 3042 multa
313 2973 525 3068 expedienda
551 2994 636 3053 sunt,
664 3000 750 3066 quae
775 2976 807 3038 in
831 2975 1052 3065 suspicionem
1069 2991 1195 3040 temere
1211 2996 1269 3039 vo-

195 3096 312 3173 carunt,
338 3108 407 3157 tum
432 3092 467 3155 in
493 3088 696 3157 Mostellaria
719 3088 927 3154 defendendi
948 3092 973 3170 I,
983 3093 1016 3170 2,
1043 3116 1091 3156 vv.
1118 3092 1161 3156 10
1177 3112 1267 3181 sqq.:

333 3211 446 3301 Atque
469 3203 532 3272 lto'c
556 3206 650 3272 leand
675 3201 809 3273 viditur
835 3188 908 3271 veri
932 3205 1040 3270 simile
1068 3199 1215 3303 vo'bistg
1246 3221 1248 3224 ·

332 3319 382 3390 At
406 3346 471 3412 ego
502 3317 540 3389 id
555 3327 695 3411 faciam
721 3316 869 3387 ita-esse
896 3336 934 3385 nt
960 3319 1119 3386 creda'tis.

333 3423 500 3525 Profe'cto
526 3463 598 3504 esse
622 3441 694 3514 ita,
739 3432 777 3502 dt
799 3430 987 3528 praedico',
1022 3461 1103 3504 vera
1130 3426 1266 3527 rinna-m

781 3563 807 3602 e.
837 3563 869 3628 q.
896 3562 920 3602 s.
1130 3532 1151 3567 '*

186 3654 336 3736 Quorum
362 3651 506 3717 medium
536 3653 593 3716 ubi
619 3652 799 3731 sustuleris,
823 3652 880 3744 qui
903 3649 1034 3716 tandem
1064 3674 1180 3716 carere
1206 3645 1266 3711 ad-

185 3767 340 3837 versandi
366 3767 529 3860 particula
556 3769 787 3859 potuerimus?
848 3766 1032 3860 Diligenter
1058 3782 1176 3830 autem
1209 3788 1263 3828 ea-

183 3881 354 3964 vendum,
385 3909 428 3949 ne
461 3910 536 3950 cum
563 3884 685 3975 apertis
712 3883 936 3974 glossematis,
971 3907 1056 3973 quae
1088 3883 1264 3950 inversus

183 4000 328 4069 formam
352 4001 515 4078 abierunt,
543 4025 581 4064 ea
607 3998 759 4089 exempla
786 3998 1047 4074 confundantur,
1073 4020 1148 4061 cum
1173 3994 1264 4059 simi-

179 4117 273 4185 libus
295 4117 421 4196 verbis,
440 4111 509 4182 ¹sed
533 4116 573 4182 iis
600 4116 697 4180 etiam
723 4114 925 4192 fortioribus,
953 4111 1070 4178 eadem
1097 4113 1264 4177 sententia

181 4256 251 4302 non
287 4235 454 4326 repetitur
481 4232 590 4323 potius
619 4255 717 4322 quam
748 4227 932 4294 intenditur
972 4245 1004 4294 et
1030 4227 1263 4293 confirmatur:

179 4349 215 4417 id
241 4348 336 4443 quod
358 4349 392 4414 in
418 4346 513 4414 illum
538 4349 647 4439 ipsum
663 4371 794 4414 versum
818 4341 905 4412 cadit
931 4361 966 4409 ut
991 4341 1084 4438 quod
1111 4343 1262 4422 maxime,
