2776 4942
283 232 530 297 nosrerstptss
560 235 751 280 retornus.
982 208 1053 287 ⁴81

232 403 289 493 oto
316 433 360 473 ne
384 410 536 474 secema·
555 406 649 474 meae
662 425 828 504 perpetuo
851 405 1030 503 pe'riert'ttt.

264 518 350 589 ”oid
374 518 445 588 trite
469 526 599 591 tecum?
657 549 710 594 ΤΗ.
747 521 835 591 rtiltt'l
866 533 964 593 enim.
997 525 1061 593 sed

343 724 349 737 ..
562 634 739 731 dieflmiltt',
897 666 946 731 ,tp-5

367 757 500 827 *oaesoi
550 776 610 824 ΤΗ.
637 751 724 836 diaet‘,
749 740 916 851 ιἠφιαιη,Ι
934 759 1057 825 ordine

567 896 691 937 omma.
967 922 972 933 .
1024 894 1043 937 s

454 1002 544 1051 ‘etur
580 986 623 1052 de
660 984 832 1081 Itdspiteiss
861 1008 922 1057 ΤΗ.
956 993 1056 1054 immo

560 1098 742 1194 pernegat.

444 1215 519 1304 [ΤΗ.
546 1236 653 1309 negat
680 1225 827 1312 inquam.
878 1241 931 1290 ΤΗ.
956 1215 1058 1313 perii,

380 1326 401 1381 fi
569 1332 655 1423 rem]
684 1360 784 1429 quom
809 1332 934 1426 co'gito.

229 1475 269 1514 ,n
296 1447 517 1540 confitetori]
570 1472 632 1522 ΤΗ.
661 1446 799 1528 dicam,
824 1457 856 1519 si
880 1448 1058 1540 confe'sstts

564 1572 619 1632 sit.
723 1608 756 1685 α

172 1679 265 1771 Quid
304 1674 396 1748 ntine
427 1682 633 1763 faciundum
673 1675 811 1748 censes?
868 1705 920 1753 ΤΗ.
963 1710 1054 1776 egon

484 1790 500 1853 ν’
564 1798 648 1892 qnid
672 1793 851 1864 censeam?

170 1910 289 2003 Cape,
315 1905 454 1978 o'bseero
481 1913 594 1979 hercle
621 1931 680 1989 te,
706 1908 777 1979 tina
804 1940 878 1979 com
903 1937 942 1978 eo
969 1907 1058 1999 iridi·-

568 2055 648 2096 cem.

166 2140 239 2208 Sed
263 2135 337 2207 erim
364 2140 475 2244 videto
501 2160 536 2209 nt
563 2143 692 2238 ccipias,
715 2148 774 2234 qni
795 2141 916 2231 credet
944 2144 1033 2211 milti.

169 2260 205 2325 T
199 2283 254 2322 om
262 2257 379 2344 fcieile
397 2264 520 2340 vinces,
547 2259 649 2348 qoa'm
659 2265 770 2353 pirum
787 2253 897 2351 volpes
921 2277 1055 2328 comest.

127 2374 239 2440 nserui
266 2378 313 2453 ei,
349 2374 441 2466 quod
469 2401 656 2467 pronomen
690 2378 744 2441 vix
779 2374 897 2440 credas
925 2365 1055 2466 quoties

124 2506 208 2562 enter
229 2491 385 2556 omissum
412 2493 468 2557 sit:
510 2491 567 2557 hei
591 2509 701 2557 autem
728 2514 794 2555 non
828 2493 963 2582 suscepi
997 2515 1055 2556 eo-

124 2630 174 2698 ps.
203 2605 427 2698 editionisque
455 2609 560 2699 princ.
587 2609 791 2684 auctoritate,
816 2604 877 2671 sed
904 2608 945 2671 ab
964 2605 1053 2673 Italis

134 2747 152 2786 e
178 2723 299 2814 quibus
324 2721 446 2788 horum
466 2722 630 2816 librorum
647 2725 799 2790 recensio
825 2721 976 2814 profecta
995 2740 1053 2802 est,

124 2836 255 2904 ffectum
294 2840 438 2905 arbitror
464 2865 481 2904 e
508 2841 682 2908 Decnrtati
714 2839 879 2930 scriptura
905 2854 940 2904 ec
966 2840 996 2904 h.
1024 2863 1052 2904 e.

126 2951 210 3041 ede
237 2957 399 3020 constanti
426 2980 519 3022 more
547 2957 758 3047 aspiratione.
799 2956 837 3025 V
832 2979 850 3018 e
875 2955 910 3019 in
929 2956 1052 3021 Vetere

124 3095 145 3135 n
171 3095 189 3135 e
213 3090 405 3136 correctura
428 3071 594 3137 secundae
622 3097 736 3136 manus
759 3073 910 3150 manavit,
937 3096 1009 3181 cusp
1035 3099 1053 3136 a

124 3203 190 3251 sset
217 3202 278 3250 vet.
343 3187 382 3251 V.
410 3184 456 3254 94
490 3211 551 3278 pro
585 3203 656 3252 tute
683 3185 761 3252 libri
785 3210 859 3251 mss.
896 3203 931 3250 to
959 3188 1051 3251 exhi-

126 3299 171 3367 95
197 3299 311 3366 dontio
340 3319 372 3366 et
397 3301 487 3367 dixit
513 3308 549 3367 in
572 3327 635 3394 pro
661 3326 701 3368 eo
729 3300 820 3393 quod
846 3302 963 3368 Bothio
989 3300 1050 3367 de-

129 3415 197 3482 Sed
224 3418 475 3508 perversissime
497 3419 590 3484 idem
613 3445 663 3485 vv.
680 3418 804 3497 2298,
833 3419 989 3508 quoniam
1015 3419 1050 3480 in

150 3550 224 3599 vett.
246 3532 322 3598 edd.
354 3559 416 3599 una
444 3535 658 3601 continuitate
687 3537 848 3625 seriptum
871 3551 956 3599 esset
979 3534 1050 3599 No·

124 3672 137 3710 s
170 3654 288 3739 cogita
320 3648 387 3735 (vel
413 3649 543 3740 cogito)
575 3650 688 3716 dicam
719 3654 750 3714 si
782 3651 959 3734 confessos
990 3652 1046 3728 sit,

124 3764 334 3857 nglntinandn
356 3767 391 3829 in
417 3767 512 3830 unius
540 3791 653 3832 versus
681 3765 840 3830 ambitum
864 3764 1022 3854 putavitzy

124 3903 150 3948 Η.
185 3881 323 3971 Negat?
380 3900 440 3948 ΤΗ.
466 3904 568 3973 qoam
592 3877 743 3970 rogitas!
769 3877 880 3942 dicam
906 3881 940 3963 si
965 3902 1047 3942 con.

553 3999 676 4082 fessus
700 4002 752 4059 sit.

124 4109 145 4177 [l
170 4111 323 4204 cogitavit
347 4112 500 4207 Βοῑίιίιιςἶ
528 4116 643 4204 magna
671 4111 896 4219 concinnitpte
915 4109 965 4172 ·ab
983 4108 1046 4172 ini.

124 4251 195 4316 tque
229 4251 343 4293 versus
375 4228 595 4319 interrogari,
630 4223 834 4317 responderi
872 4226 907 4288 in
939 4221 1042 4289 altera

614 4325 623 4352 ‘
810 4343 852 4408 31
