2872 4942
160 315 203 381 'lS
410 338 429 377 t.
457 338 498 377 ne
527 337 641 378 nruvrr
677 336 804 377 roem
832 334 1021 379 uousmnss.

160 513 202 580 13
229 509 287 578 Ibi
311 534 428 575 aurore
454 515 571 601 occepi
585 513 712 595 formo
737 513 866 575 eximia
886 510 1070 576 medioreuu

160 625 204 695 tt
230 625 303 695 Sed
323 650 368 691 eo
393 642 430 691 ut
456 631 519 719 sim
545 625 736 716 implicitus,
762 623 887 699 dicam,
912 629 944 690 si
968 641 1153 718 operaest

754 740 905 815 oleribus,
1127 766 1141 781 ··
1206 743 1249 811 10

161 861 204 927 15
229 855 352 948 Adone
368 856 619 921 advortendum
632 856 697 921 lmc
711 861 860 920 animum
877 855 977 921 adest
990 855 1203 947 benignitas.

182 975 204 1042 3
230 975 313 1040 Non
338 997 403 1062 ego
430 977 510 1037 item
522 975 627 1057 socio
655 987 692 1036 ut
717 971 806 1037 alios
831 976 868 1037 in
893 970 1077 1037 comoediis

183 1084 206 1157 4
234 1087 318 1159 Vidi
332 1105 504 1153 miratores
520 1091 664 1174 fucere,
688 1092 748 1180 qui
770 1104 830 1152 out
855 1089 962 1155 Nocti
981 1102 1043 1153 otti
1067 1087 1137 1153 Die
1207 1134 1214 1157 ς

182 1206 205 1272 5
231 1202 304 1272 Aut
331 1203 406 1283 Soli
429 1220 489 1268 out
514 1205 636 1269 Lsmoe
662 1207 816 1269 miserias
842 1219 993 1269 narrant
1016 1227 1107 1269 suus.

140 1355 145 1363 ·
170 1321 212 1423 ΙΙ6Ι
230 1322 331 1412 'Quos
347 1319 482 1412 quidem
497 1343 562 1410 ego
574 1318 853 1385 credolmmonos
862 1319 924 1411 pol
935 1322 1169 1412 querimonias
1206 1316 1247 1387 lb

177 1442 204 1507 ·7
230 1438 314 1503 Non
340 1440 433 1502 tanti
446 1440 576 1522 facere
602 1434 685 1528 quid
712 1435 830 1510 velint,
855 1434 939 1528 quid
959 1458 1032 1500 non
1059 1435 1175 1502 relisit.

157 1542 160 1547 ¹
182 1553 206 1621 8
234 1550 340 1620 Vobis
362 1550 515 1615 nterrobo
538 1555 653 1642 potios
679 1575 772 1624 oreas
797 1574 890 1615 rrurzc
915 1554 1079 1615 miserias.

158 1669 210 1737 18·
230 1669 322 1734 Nam
337 1691 489 1765 potorem
503 1665 589 1732 bueo
606 1682 730 1733 cuneta
749 1670 832 1733 vitio
845 1669 974 1731 sectari
984 1661 1137 1749 solent*)
1156 1714 1165 1730 .
1181 1714 1191 1731 .
1209 1710 1221 1733 .

215 1932 241 1998 ⁸)
264 1929 397 1980 Librorum
417 1931 543 1996 scripturn
563 1944 605 1980 vv.
624 1929 649 1980 3.
667 1930 685 1981 4
704 1929 769 1979 baec
788 1937 843 1979 est:
886 1926 924 1977 ut
941 1925 1101 1996 bosporum
1128 1909 1158 1979 ie
1183 1944 1254 1981 nore

262 2026 389 2067 oratorum
407 2016 523 2089 institip
539 2034 597 2067 meo
612 2021 777 2087 pereouotus
786 2019 841 2083 sum
866 2017 1014 2086 uisssumq5
1031 2017 1090 2066 inde
1107 2015 1188 2067 csilio
1198 2015 1253 2069 Ve-

263 2113 304 2155 tus
324 2103 447 2167 exhibet,
472 2120 486 2156 e
506 2120 557 2172 quo
578 2104 671 2172 reliqui
691 2106 844 2156 sistentem
864 2104 1016 2167 discedunt,
1035 2111 1063 2153 ut
1083 2103 1118 2154 Et
1137 2120 1186 2170 pro
1207 2104 1255 2167 ro,

260 2195 388 2244 maiorum
405 2208 452 2260 pro
472 2201 598 2244 mutorum
620 2192 763 2259 praebcant
775 2207 873 2256 omnes,
892 2191 952 2242 inde
970 2190 1063 2243 milico
1082 2190 1257 2243 hebedtVrsi·

264 2339 356 2389 nieuus
375 2353 433 2387 cum
449 2336 551 2387 Etrusci
570 2352 608 2403 pr.
627 2352 679 2400 m,
705 2336 766 2385 iude
785 2291 872 2397 exilio
891 2335 1063 2399 Decurtotus,
1089 2334 1170 2386 indes
1194 2335 1255 2387 ilico

263 2425 404 2492 Lipsiensis
427 2429 453 2473 el
472 2422 596 2474 Etruscus
616 2438 648 2472 m.
668 2436 731 2481 sec„
745 2422 823 2472 iudex
841 2420 912 2472 illico
935 2420 1057 2487 Princeps
1079 2421 1130 2485 ed„
1149 2436 1256 2473 eosnu-

263 2520 314 2562 tem
332 2512 449 2562 omittant
466 2509 533 2575 Lips.
554 2509 637 2562 l‘rinc.
656 2516 682 2559 et
701 2507 756 2558 Etr.
775 2523 828 2558 sce.
847 2524 879 2557 m.
908 2506 1021 2569 Fallunt,
1039 2508 1083 2575 qui
1101 2507 1134 2558 eb
1153 2507 1197 2559 his
1215 2506 1257 2559 di·

263 2611 340 2648 verse
360 2596 470 2647 trudunt.
508 2594 638 2656 laudabo,
660 2595 681 2645 si
702 2596 742 2644 cui
762 2595 869 2661 propius
890 2594 921 2644 od
941 2592 1065 2651 librorum
1083 2594 1160 2646 fidem
1178 2608 1257 2647 neeo-

264 2683 326 2733 dere
345 2680 502 2733 emendatori
522 2682 678 2749 contigerit3
711 2696 778 2747 quae
796 2681 880 2731 adhuc
899 2680 999 2747 prolem
1017 2681 1069 2731 vidi
1089 2696 1104 2755 ⁸.
1123 2681 1258 2744 sumum,

262 2766 373 2830 Alcinio,
391 2766 523 2829 Lambino,
545 2766 653 2829 liureio,
672 2765 800 2830 Acidalio,
821 2766 960 2828 Gronovio,
985 2765 1053 2828 eliis,
1078 2765 1122 2817 vel
1141 2780 1155 2816 e
1175 2772 1257 2819 metro

264 2852 307 2903 vel
326 2868 340 2902 n
359 2853 487 2904 sententio
507 2851 548 2903 vel
571 2851 694 2918 elingue
712 2851 797 2902 iutilia
815 2860 875 2902 sunt
894 2853 987 2903 omnis.
1008 2852 1159 2918 Quanquam
1170 2850 1258 2905 ostiu

265 2939 342 2991 leude
359 2939 422 2989 uolo
440 2939 560 2989 Bothium
579 2938 707 3002 fraudare,
740 2942 814 2990 cuius
841 2941 889 2990 etsi
913 2949 1058 2990 commenta
1075 2941 1133 3007 ipss
1150 2954 1256 3006 promo

266 3035 326 3078 sunt
343 3024 515 3089 incredibilia,
534 3033 619 3076 temen
641 3027 708 3075 sium
727 3024 773 3076 ille
794 3041 849 3075 eam
870 3027 936 3089 iniit,
954 3041 969 3075 e
990 3041 1040 3092 que
1060 3025 1157 3093 aliquid
1177 3025 1259 3093 profi-

265 3128 325 3165 cere
345 3114 394 3180 ipsi
416 3114 585 3179 potuerimus.
624 3113 667 3163 Sic
696 3113 762 3162 enim
790 3111 870 3162 edidit
894 3128 908 3162 e
930 3113 1079 3163 coniectore
1096 3127 1160 3164 sus:
1199 3112 1259 3175 Etsi

264 3200 313 3252 boe
328 3216 424 3269 ponem
445 3204 533 3269 (ecee)
552 3215 624 3249 more
641 3199 768 3248 maiorum
785 3200 876 3261 institi,
895 3199 945 3249 Per
964 3215 1047 3248 meum
1064 3199 1261 3281 persensisti

262 3303 306 3337 eos
325 3288 370 3353 poi
386 3287 435 3336 sim
452 3285 531 3337 indes
549 3284 629 3336 eloco.
667 3283 741 3348 Quod
759 3299 835 3350 quem
855 3284 904 3349 ipsi
925 3292 1015 3350 posteo
1032 3282 1206 3350 displicuerit,
1226 3298 1257 3335 ex

264 3386 296 3422 co
317 3372 492 3438 cognoscitur,
511 3369 579 3438 quod
599 3372 624 3420 in
643 3371 821 3421 recentissima
841 3371 898 3420 eius
913 3370 1036 3434 editione,
1056 3383 1123 3437 quse
1138 3362 1258 3437 Stutg'cr-

262 3456 314 3506 tine
332 3450 435 3523 prodiit,
454 3458 492 3508 sic
510 3456 612 3507 illorum
633 3456 699 3505 ulter
718 3471 838 3506 versuum
856 3468 908 3506 non
929 3454 1060 3507 mehercle
1071 3454 1180 3507 ,felicius
1192 3470 1258 3507 con-

265 3542 388 3593 ionnetus
408 3551 496 3594 extet:
539 3542 624 3592 Primo
639 3540 763 3592 'costatus
779 3558 825 3592 sos
843 3559 898 3592 sum
915 3556 991 3609 quom
1008 3542 1063 3592 diei
1081 3540 1171 3592 eloeos
1193 3556 1260 3610 quse

266 3629 395 3697 intelligat
413 3631 457 3696 qui
476 3630 595 3696 potuerit.
618 3658 649 3670 -
682 3629 711 3684 V.
738 3629 752 3679 7
781 3630 871 3679 nescio
899 3645 932 3679 un
957 3630 996 3680 sic
1021 3630 1106 3695 petius
1125 3630 1261 3694 scripserit

263 3725 354 3782 poete:
393 3716 470 3766 Peter
495 3715 530 3765 ml
553 3723 694 3765 mercatum
717 3731 787 3765 meus
819 3714 876 3766 med
903 3716 965 3766 binc
989 3717 1058 3766 misit
1075 3715 1204 3766 ilbodum
1224 3743 1259 3757 ·-

264 3803 297 3851 V.
318 3803 348 3852 ll
386 3800 469 3867 Atque
498 3800 683 3852 advortendum
707 3809 735 3850 ut
762 3801 877 3851 animum
905 3799 974 3863 libn',
1001 3802 1051 3851 nisi
1072 3799 1141 3866 quod
1157 3800 1261 3851 onim

263 3887 332 3953 Lips.
353 3886 412 3939 Alit
429 3886 483 3950 ulii,
503 3900 528 3937 e.
549 3902 570 3936 c.
589 3895 664 3952 utque
684 3886 720 3936 ud
740 3886 890 3937 vertendum
907 3887 958 3938 buo
976 3889 1097 3949 orimum,
1118 3894 1197 3953 alpos
1209 3886 1260 3937 ad·

263 3973 414 4027 vertendum
429 3973 466 4024 ed
482 3974 604 4035 animum,
623 3971 693 4039 quod
710 3971 817 4023 delendi
835 3972 935 4040 nequit.
949 4003 979 4013 ·-
999 3974 1027 4025 v.
1050 3978 1083 4025 lb
1100 3973 1200 4023 umoris
1210 3974 1260 4040 {e-

266 4077 324 4110 serc
340 4061 429 4126 scripti
451 4058 520 4121 libri,
539 4059 650 4110 emostis
667 4061 758 4125 [acere
777 4058 818 4109 ed.
839 4075 888 4126 pr.,
911 4061 1001 4126 faeere
1020 4068 1150 4110 ornatores
1164 4058 1259 4137 vulgo.

267 4143 456 4210 Indulgendum
474 4142 577 4194 videtur
595 4141 671 4193 huius
692 4142 794 4211 prologi
814 4144 944 4210 scriptori,
970 4144 1037 4211 quod
1058 4146 1085 4194 iu
1102 4142 1262 4209 bispllnbum

261 4230 417 4281 vocobulum
434 4229 566 4280 transtulit
582 4226 819 4294 monosyllabarum
839 4229 979 4294 licentiam,
1006 4240 1074 4300 quas
1092 4232 1119 4283 in
1138 4238 1262 4299 correpta

264 4314 352 4393 rosuli
368 4315 538 4383 legitimoque
557 4313 607 4367 bec
622 4315 777 4368 condicione
795 4317 866 4368 biatu
884 4319 1049 4384 conspicitur:
1071 4352 1105 4361 -
1122 4319 1155 4372 V.
1166 4302 1260 4387 tusum
