2872 4942
490 401 653 444 correvum
680 401 875 452 amerinis,
1156 377 1223 449 571

148 599 238 666 quae
265 571 504 665 disputavimus
530 572 617 637 harre
643 572 784 643 habeto:

246 710 333 766 Mtte.
363 690 439 780 Quo
466 686 570 780 pricio
607 713 691 779 ergo
722 693 829 779 igitur
864 686 952 753 cla'm
978 688 1041 755 clos
1074 687 1230 783 depromi

734 805 870 896 potest?
1312 778 1317 788 ⁸

249 946 325 991 oAt.
350 923 443 990 Dum
468 918 604 986 occdsc'o
628 924 662 987 ei
685 925 740 986 rei·
762 916 965 1013 :dperiqtmt
992 912 1133 986 interim

144 1090 408 1117 p—-ss

250 1179 300 1215 usu
319 1162 400 1213 Plaut.
421 1177 446 1228 p.
462 1161 492 1212 tt
513 1159 653 1211 defendere
670 1167 776 1210 conatus
794 1167 841 1210 est.
877 1160 902 1212 ls
922 1161 972 1227 ipsi
993 1175 1055 1212 sane
1070 1161 1228 1228 Megaronidl

250 1257 401 1325 responderi
420 1257 555 1308 arbitratus
576 1255 710 1308 Calliclem
730 1257 766 1306 ait
783 1255 833 1306 hoc
850 1255 952 1307 dicere:
976 1256 1059 1325 pluris
1077 1273 1125 1307 suc
1141 1258 1228 1308 inter-.

251 1361 350 1417 esseut
371 1353 552 1421 Megaronides
571 1369 660 1413 oerum
678 1352 726 1410 sibi
745 1353 827 1416 dicct,
844 1353 922 1418 fidum
940 1353 989 1411 sili
1005 1353 1144 1421 mppeditet
1161 1369 1227 1405 coru.

249 1448 342 1512 alliun,
363 1464 439 1515 quom
455 1456 484 1498 ut
499 1455 611 1498 mutuum
629 1448 671 1498 det
687 1456 830 1515 arpentum.
858 1448 892 1500 A:
910 1462 974 1498 vero
993 1448 1020 1499 in
1038 1447 1104 1499 hunc
1123 1448 1228 1515 quidem

250 1518 403 1595 sententiam
421 1545 529 1610 primum
548 1558 599 1593 non
618 1542 724 1610 quadrat
741 1542 843 1593 meum:
868 1559 956 1603 oerum
974 1544 1041 1602 enim
1060 1525 1228 1610 itlodttogaa

250 1639 354 1693 renides
374 1641 424 1689 iam
438 1636 560 1705 dixerat:
590 1646 618 1688 ut
646 1637 737 1689 saltem
762 1637 983 1689 maledicendum
1004 1638 1089 1689 luerit.
1126 1638 1228 1691 Deinde

248 1748 301 1785 nou
320 1734 436 1801 proiecto
454 1722 631 1800 Megaronides
650 1734 673 1784 is
694 1741 753 1797 est,
781 1748 797 1785 a
819 1749 871 1801 qua
889 1741 1021 1800 argentum
1040 1732 1161 1784 Callicles
1180 1732 1224 1784 vel

249 1829 360 1895 petierat
378 1828 420 1879 vel
441 1836 649 1904 exspectaverat:
670 1804 713 1895 qui
732 1829 817 1895 potius
834 1829 904 1879 laud
919 1845 1015 1897 maqna
1033 1845 1089 1887 cum
1105 1845 1134 1878 re
1148 1827 1224 1887 homo

250 1923 403 1995 cogitandus
422 1931 470 1979 est.
505 1922 568 1974 llam
589 1939 623 1974 ue
642 1923 668 1974 id
689 1925 766 1976 tacito
783 1925 927 1990 exspectari
947 1940 962 1974 a
984 1923 1091 1985 Callicle
1109 1923 1180 1981 dicas,
1198 1931 1224 1975 d

248 2035 296 2088 per
314 2019 435 2086 ambages
454 2019 611 2087 significari:
631 2019 799 2087 reputandum
816 2028 855 2070 est
872 2021 907 2069 ita
928 2021 1029 2093 quidem
1043 2035 1095 2073 non
1108 2022 1223 2086 potuisse

247 2114 302 2165 ullo
323 2114 397 2165 modo
416 2114 481 2178 lieri,
501 2123 528 2165 ut
546 2123 604 2182 post
622 2092 733 2166 auditam
751 2114 865 2166 Calliclis
884 2094 951 2165 hanc
970 2116 1139 2166 seutentiam:
1157 2131 1223 2183 qro-

249 2212 298 2262 tc'us
317 2219 344 2262 tu
363 2212 426 2262 edne
443 2211 506 2262 milti
522 2212 590 2278 focis
606 2227 660 2261 non
679 2211 781 2275 celata,
801 2211 846 2262 sed
864 2213 976 2279 ingenue
990 2212 1160 2279 pronuntiato
1177 2227 1223 2261 ee-

248 2307 335 2370 riute,
352 2321 427 2372 quom
448 2307 603 2358 commodato
623 2315 749 2375 argento:
769 2304 910 2373 posthaec
929 2308 1008 2372 igitur
1027 2322 1081 2356 non
1097 2307 1155 2358 sine
1171 2305 1222 2359 ali-

249 2418 300 2470 quo
319 2401 410 2463 aculeo
427 2402 495 2457 dieta
512 2410 540 2457 ut
557 2417 661 2470 prorsus
681 2404 868 2461 conticesceret
879 2401 1056 2468 Megaronides
1075 2417 1105 2452 oc
1126 2416 1159 2451 ne
1171 2416 1225 2452 uno,

250 2498 352 2565 quidem
371 2498 451 2553 verbo
472 2513 543 2554 snam
562 2499 605 2549 vel
624 2499 736 2564 inopiam
755 2506 888 2549 excusaret
913 2497 955 2548 vel
972 2496 1129 2548 voluntatem
1147 2497 1224 2548 teeti·

248 2593 368 2644 licaretur
386 2593 569 2662 obliquumque
589 2593 704 2650 eattiotts
722 2593 887 2662 opprobrium
905 2592 1023 2656 dilueret.
1058 2622 1091 2632 -
1130 2591 1180 2644 Sed
1197 2592 1226 2647 in

249 2702 282 2742 ee
301 2703 404 2756 quoque
420 2704 435 2738 a
453 2669 517 2739 sero
534 2689 723 2756 llampmannus
743 2688 879 2751 aberravit,
898 2687 966 2755 quod
983 2703 1009 2738 v.
1027 2689 1060 2739 31
1079 2687 1182 2738 veebum
1196 2687 1222 2737 in

245 2801 334 2844 gemm
351 2792 447 2836 mutato
465 2784 515 2834 hoc
532 2784 583 2835 dici
602 2786 652 2836 sibi
671 2786 811 2851 persuasit:
830 2785 883 2847 „du
892 2785 962 2835 :ciret
976 2783 1114 2851 folgenden
1121 2782 1223 2850 Sprucl

247 2879 361 2947 soqleiclt
378 2880 452 2931 wad:
471 2880 564 2950 (durch
584 2880 624 2941 die
637 2879 792 2947 Ersclstunq
809 2879 940 2947 hostetiqt)
954 2879 1067 2944 lindem‘
1085 2878 1155 2929 tterrt
1174 2877 1225 2927 lroo

246 2976 338 3051 possit,
358 2976 388 3039 si,
406 2983 434 3026 ut
453 2975 572 3043 exemplo
593 2983 657 3040 utar,
674 2975 727 3027 tale
741 2974 860 3043 quiddam
879 2982 1017 3041 sequatur:
1046 2974 1134 3024 Subito
1153 2989 1224 3049 pau-

243 3086 294 3139 per
308 3071 355 3135 fit,
380 3072 404 3121 si
421 3087 494 3139 quem
510 3071 622 3138 rogandi
640 3072 743 3138 arpenti
768 3086 861 3131 caussa
884 3071 993 3130 qmicrnna
1013 3069 1151 3119 convenis:
1179 3067 1223 3118 vel

246 3164 389 3234 Argentum
406 3142 450 3216 udi
463 3168 575 3234 petatur,
593 3167 676 3232 deficit
693 3166 816 3221 amicitis.
852 3165 887 3215 vt
907 3163 986 3214 tribus
1003 3162 1089 3214 vernis
1108 3161 1224 3228 comple-

247 3268 310 3323 ctar,
330 3260 459 3328 generalis
479 3263 606 3312 sententia
622 3260 708 3329 aliqua
726 3262 877 3329 requiritur:
895 3260 965 3327 quali
981 3274 1085 3326 prorsus
1099 3273 1224 3319 caremus,

249 3355 272 3407 si
292 3355 350 3422 ipsa
370 3357 512 3410 recusantis
532 3365 559 3407 et
575 3357 770 3423 tergiversantis
787 3355 866 3406 verba
884 3355 1031 3405 atteruntur.
1068 3355 1106 3404 Ac
1123 3369 1156 3404 ne
1174 3367 1223 3402 no-

248 3451 363 3511 uranium
383 3451 485 3518 quidem
504 3453 639 3519 quisquam
657 3467 703 3515 ea,
727 3466 795 3519 quae
820 3452 929 3509 amicum
945 3449 1144 3516 respondentem
1163 3447 1224 3501 facit

245 3546 442 3615 Megaronides,
459 3548 553 3610 „einen
572 3547 691 3615 δμωσὶν(
711 3547 852 3597 vocaverit.
898 3545 961 3605 llam
980 3545 1050 3614 quod¹
1068 3545 1222 3611 llampman-

249 3657 298 3695 nus
318 3643 353 3704 ait
372 3643 501 3704 audiveris
522 3643 557 3692 ita
577 3642 711 3694 dicendum
724 3642 814 3705 luisse,
830 3634 881 3692 non
898 3643 1036 3704 inueneris,
1057 3640 1088 3693 de
1106 3654 1136 3689 eo
1155 3653 1223 3718 que·

249 3752 301 3804 que
319 3739 407 3804 opinio
429 3754 487 3788 eum
507 3736 608 3789 lelellit.
646 3739 702 3790 Non
720 3739 783 3789 licet
801 3737 916 3804 prolecto
935 3739 1050 3787 inveniro
1062 3735 1143 3784 verbo
1160 3735 1223 3784 sim-

250 3831 354 3904 pliciter
363 3842 389 3884 et
403 3835 496 3901 quovis
515 3842 591 3900 pacto
605 3835 642 3883 uti
661 3848 707 3900 pro
728 3834 837 3896 modice,
856 3833 903 3883 sed
920 3840 989 3883 certa
1007 3830 1158 3881 condicione
1175 3845 1225 3896 po-

251 3935 303 3989 test
322 3927 410 3993 licere,
430 3928 513 3987 etlroo
530 3931 586 3996 ipso
608 3927 666 3980 loco
685 3930 720 3982 ita
740 3928 816 3991 licet,
835 3936 863 3978 ut
880 3926 1001 3979 Callicles
1018 3927 1145 3992 cogitetur
1163 3941 1225 3992 pro

251 4034 424 4094 argento,
441 4026 509 4095 quud
528 4042 556 4077 se
574 4026 811 4083 inventurum
833 4032 990 4090 speraverat,
1010 4023 1089 4073 verba
1108 4021 1153 4073 illa
1173 4023 1224 4081 in-

249 4129 442 4177 venturus.
470 4151 505 4164 -
534 4120 655 4182 Ceterum
672 4134 721 4180 nec
738 4118 803 4177 illud
819 4118 955 4184 intelligo,
976 4119 1018 4187 qui
1038 4117 1226 4186 llampmanuus

247 4217 413 4267 mutationem
435 4232 507 4267 suam
525 4215 594 4266 dieat
611 4213 725 4265 Calliclis
747 4229 871 4280 responso
903 4213 1009 4282 (Malim
1025 4213 1112 4273 ltercle
1127 4222 1156 4264 nt
1172 4230 1227 4264 oe-

246 4328 319 4362 rum
338 4312 427 4382 dicus)¹
438 4311 590 4371 conlnmnri,
612 4327 667 4360 cum
681 4310 812 4376 utriusque
832 4326 919 4359 cernon
936 4309 1018 4370 vocis,
1037 4308 1117 4374 ipsam
1128 4307 1224 4374 Kamp-

247 4409 333 4468 ursuni
354 4408 595 4474 interpretationem
614 4408 637 4458 si
655 4407 792 4475 sequimur,
811 4403 987 4460 diuersissima
1005 4404 1039 4454 sit
1055 4401 1157 4456 relatio.
