2872 4942
514 353 630 399 natvm
652 338 975 531 ianuariarum,
1191 324 1263 403 369

176 531 273 597 tino:
312 525 429 596 Statui
451 543 602 593 statuum
625 527 816 618 publicitus.
869 529 1052 596 Terentius
1076 551 1208 622 quoque
1230 535 1268 597 in

174 643 399 714 Phormione.
452 643 524 711 Sed
548 659 582 708 et
606 626 813 733 Plautut'tu
839 641 1085 708 Bacchidibus:
1113 645 1161 712 Iu
1182 645 1269 713 aede

176 763 318 828 Dianae
353 758 536 852 publicitus
562 782 690 825 aurum
721 774 872 825 servant.
920 757 1021 824 Idem
1057 763 1093 824 in
1128 757 1271 855 Ampht-

181 892 326 942 trnone:
353 865 415 942 Itu
436 899 584 967 peregre
607 873 796 949 adveniens
818 864 1000 966 publicitus
1024 876 1170 967 hospitio
1199 876 1274 966 [ac.

177 986 313 1083 cipiar}
364 991 663 1058 Verumeuimvero
689 1016 752 1057 nec
774 988 832 1054 illa
856 991 983 1086 Nonne
1009 990 1074 1056 ltoc
1090 992 1272 1083 publicitus

172 1107 213 1171 in
237 1105 354 1172 Sticho
383 1123 520 1184 exstant,
548 1121 582 1171 et
606 1129 685 1172 vero
713 1107 868 1171 omissum
896 1131 914 1198 e
935 1105 1135 1174 Phormione
1160 1135 1273 1177 exem-

178 1221 276 1314 plum
301 1237 447 1286 nonest
468 1220 558 1286 aliud
584 1239 684 1313 atque
709 1219 795 1285 illud
819 1221 948 1311 ipsum,
983 1221 1076 1313 quod
1101 1223 1271 1293 Plautinae
1327 1229 1333 1242 ’

178 1335 315 1405 fabulae
342 1335 506 1400 tribuitur.
532 1338 701 1428 Leguntur
729 1337 819 1400 enim
845 1336 928 1402 haec
954 1338 1087 1405 Phorm.
1109 1342 1150 1420 V,
1164 1344 1196 1422 7,
1208 1343 1272 1410 85:

178 1456 309 1522 Nonne
331 1451 395 1516 ltoc
417 1450 600 1542 publicitus
624 1431 733 1516 scelus
762 1451 844 1516 ltine
869 1450 1086 1543 deportarier
1110 1453 1156 1523 In
1181 1457 1273 1524 solos

179 1568 322 1636 terras?
347 1562 391 1650 ²⁸¹).
444 1567 542 1649 Quod
570 1593 645 1632 cum
671 1570 716 1633 ita
743 1570 793 1647 sit,
821 1567 1060 1659 Soringarusl,
1086 1596 1121 1662 p.
1140 1574 1187 1640 70
1214 1599 1275 1641 γε,

178 1688 249 1763 reri
275 1709 312 1751 se
339 1685 392 1764 ait,
418 1709 462 1748 ne
481 1684 651 1750 Charisius
669 1683 820 1770 Plautum¹
845 1683 1012 1751 hiemale
1040 1687 1189 1753 citaverit
1210 1714 1274 1781 pro

160 1764 211 1897 'J
235 1784 355 1867 *entim
407 1800 497 1878 Fato,
525 1818 561 1865 nt
581 1798 716 1865 Plautus
744 1798 916 1871 diceretur
939 1806 1004 1895 pto
1031 1804 1208 1870 Terentio:
1231 1807 1276 1872 ita

179 1824 326 1983 uiaret
354 1917 536 1983 Terentius
566 1918 610 1980 in
642 1912 799 1978 eadem.
851 1915 893 1979 Et
919 1917 1095 1999 commode
1119 1944 1196 1985 sane
1219 1945 1275 1988 ac-

181 2030 281 2111 cidit,
312 2029 423 2123 quod,
458 2053 525 2121 quo
562 2027 639 2095 loco
673 2030 828 2119 proximo
854 2031 1009 2099 Terentii
1035 2029 1120 2097 iacta
1146 2036 1272 2102 mentio

179 2164 271 2224 erat,
307 2146 354 2210 ibi
381 2171 422 2212 ex
443 2149 516 2237 ipsa
541 2145 745 2210 Phormione
771 2142 1017 2238 verbe-spinae
1050 2148 1180 2240 prolata
1217 2175 1275 2216 ex·

180 2275 287 2343 stant,
319 2284 508 2355 quanquam
540 2261 715 2326 interiecta
749 2285 817 2326 non
850 2260 907 2326 illa
943 2281 1070 2329 tantum
1103 2267 1273 2332 notatione

181 2402 269 2471 qnae
297 2385 345 2443 est
371 2375 415 2443 de
437 2376 626 2467 perplexim
652 2373 821 2454 adverbio,
846 2374 905 2440 scd
928 2378 1088 2446 uberiore
1118 2381 1215 2448 etiam
1231 2380 1275 2448 de

177 2517 337 2587 propere.
391 2491 461 2560 Sed
489 2511 600 2558 tamen
634 2510 670 2557 ut
695 2491 753 2557 has
780 2489 919 2583 quidem
942 2498 1129 2562 notationes
1155 2494 1275 2590 largia-

179 2634 257 2677 mur
286 2607 338 2677 vel
368 2609 535 2700 posterius
567 2609 708 2673 insertas
752 2605 806 2672 vel
845 2632 902 2672 sua
937 2607 1022 2674 sede
1057 2629 1161 2677 motas
1187 2637 1272 2696 esse,

179 2726 266 2822 qnid
291 2727 348 2792 fiat
372 2726 433 2805 his,
462 2751 546 2818 quae
572 2741 649 2817 post
674 2726 792 2791 Titinii
812 2725 1003 2818 exemplum
1018 2729 1184 2796 iterantur
1201 2755 1273 2799 mo-

180 2842 383 2910 lestissime:
419 2844 602 2909 Terentius
626 2862 759 2934 qnoque
785 2845 823 2907 iu
848 2842 1084 2910 Phormione?
1110 2849 1276 2931 Quocirca

179 2982 243 3026 nos
271 2956 445 3049 demptum
472 2959 685 3049 grammatico
714 2959 842 3022 crimen
878 2959 913 3021 in
945 2956 1099 3027 librarios
1118 2965 1273 3032 transfe-

180 3075 294 3141 rimus.
336 3072 463 3157 Quodsi
489 3075 524 3137 in
550 3075 670 3138 nostris
695 3072 800 3139 Stichi
821 3071 991 3139 Plautinae
1019 3077 1181 3170 exemplis
1197 3106 1273 3148 mss.

181 3188 345 3258 excidisse
371 3189 519 3280 aliquem
543 3187 740 3254 versiculum
768 3189 970 3264 conieceris:
1007 3206 1108 3284 atque
1137 3195 1275 3264 excide·

179 3322 261 3370 runt
293 3329 428 3381 revere,
463 3320 498 3369 ut
529 3327 571 3368 ex
593 3300 815 3370 Ambrosiano
841 3302 960 3389 codice
987 3303 1143 3375 deleticio
1169 3300 1273 3402 rippa-

180 3439 246 3500 ret,
273 3443 388 3486 versus
412 3417 513 3511 longe
541 3417 677 3509 plurimi
713 3435 746 3484 et
767 3417 829 3483 alia
855 3416 999 3511 plurima
1025 3422 1153 3489 turbata
1178 3444 1271 3493 sunt:

181 3534 267 3601 haec
307 3536 458 3624 potuerit
493 3533 635 3624 pristina
671 3535 804 3625 species
849 3536 1026 3600 notationis
1056 3538 1269 3606 Charisianae

186 3673 279 3716 esse:
307 3644 503 3717 Publicitus.
532 3647 677 3714 Plautus
702 3653 740 3714 in
766 3647 902 3713 euclem:
928 3697 1114 3723 ......
1110 3676 1122 3699 a
1131 3656 1269 3721 'Teren-
1300 3689 1301 3694 κ

187 3769 249 3831 tius
269 3787 402 3856 qnoque
426 3768 464 3831 in
485 3759 714 3831 Phormione:
752 3765 880 3829 Nonne
905 3763 969 3830 ltoe
991 3766 1181 3857 publicitus.
1215 3769 1272 3836 ubi

1307 3922 1327 3969 B

234 4075 265 4144 ¹³)
291 4074 335 4126 Sic
352 4075 420 4125 enim
441 4072 558 4124 inlibris
580 4071 697 4123 omnibus
714 4069 837 4138 scriptum
857 4078 904 4133 est,
923 4067 967 4135 qui
988 4057 1114 4114 fluxerunt
1128 4059 1271 4113 exCallio-

283 4161 320 4228 pii
336 4161 499 4212 recensione.
537 4161 585 4212 Pro
606 4175 657 4227 quo
672 4175 692 4210 e
712 4158 835 4210 Bembino
854 4151 944 4207 codice
961 4150 1153 4217 iecipiendum:
1212 4164 1218 4179 ‚

400 4281 456 4316 uon
473 4265 522 4316 Ιιοο
537 4265 673 4334 publicitus
692 4265 774 4315 scenis
793 4264 854 4314 tusc
870 4258 1048 4328 asportorier:

282 4366 358 4420 cuias
374 4370 518 4437 scriptume
535 4369 632 4421 nulium
650 4368 718 4436 apud
738 4367 863 4419 niernum
877 4362 1024 4431 rotimum.

430 4453 433 4458 “
1030 4459 1050 4491 n
1060 4461 1074 4491 n
