2872 4942
448 349 481 392 rt.
502 347 544 391 ns.
570 343 698 389 serere
727 349 843 393 ntrrrr
1141 329 1190 400 59

164 523 267 617 igitur
300 538 491 614 temporum
522 522 606 587 ratio
634 541 777 613 oportet
804 524 895 592 ieter
924 523 1077 592 Plautum
1099 526 1190 592 Nee-

143 663 256 730 enque
285 657 318 704 et
331 637 506 729 Scipiones
533 635 608 702 illos
635 637 875 720 intercesserit,
901 664 985 732 quos
1002 638 1083 705 olibi
1101 662 1189 731 qno-

144 780 164 820 e
193 753 401 821 consociatos
427 751 630 843 reperimus,
656 768 692 817 ut
719 754 792 823 Cet.
817 755 892 823 mni.
919 756 977 835 lx,
1005 754 1063 825 99.
1087 755 1188 819 Pare·
1329 794 1332 799 -

143 895 173 935 x.
202 869 228 947 Ι,
256 873 290 947 9,
320 872 377 937 19.
400 889 464 959 pro
492 867 594 932 Corn.
620 865 724 934 Balbo
750 869 824 950 XV,
850 867 899 939 34
926 867 1004 938 coll.
1020 871 1092 938 Cat.
1113 868 1187 933 mai.
1266 902 1270 911 ·

143 985 169 1063 t,
199 983 256 1050 75.
307 980 393 1047 Sunt
413 997 526 1045 nutem
547 976 597 1045 illi
623 983 685 1048 Cn.
713 982 891 1062 Cornelius
918 984 1038 1076 Scipio
1064 980 1189 1051 Calvus

148 1100 185 1163 Ρ.
216 1085 394 1163 Cornelius
418 1097 454 1160 P.
481 1093 635 1163 Cornelii
650 1096 798 1164 Africani
820 1100 954 1167 maioris
981 1117 1086 1191 peter,
1102 1122 1189 1191 quo-

143 1239 167 1279 n
205 1210 265 1277 iile
299 1209 343 1278 ed
370 1208 579 1277 wemrlatum
611 1213 753 1279 accessit
785 1239 815 1281 e.
842 1214 934 1294 539,
967 1215 1023 1280 bic
1047 1239 1078 1282 n.
1101 1214 1190 1288 5³6.

143 1351 186 1395 ,os
209 1351 292 1394 >cnm
312 1325 424 1393 Livius
445 1326 553 1406 XXV,
586 1323 643 1394 34.
669 1326 720 1396 3τό
742 1354 809 1396 nna
833 1329 945 1398 obisse
968 1330 1005 1423 in
1026 1328 1191 1424 Hispania

148 1439 222 1514 541
252 1440 393 1534 prodat,
426 1459 567 1534 apparet
598 1467 679 1510 sene
715 1444 951 1539 aliquanto
982 1444 1112 1537 prius
1143 1443 1189 1514 de

143 1560 272 1629 toronis
298 1559 462 1627 sententie
486 1559 614 1627 fabulas
641 1565 816 1656 scripsisse
842 1564 1005 1645 Plautum,
1032 1586 1190 1657 praeser-

143 1704 150 1743 ι
176 1701 257 1745 cum
279 1675 405 1761 Neevio
430 1674 487 1742 hic
515 1678 740 1747 coniunctum.
792 1679 838 1746 Vt
872 1703 983 1773 prope
1018 1678 1138 1744 abesse
1167 1703 1189 1744 e

143 1792 231 1873 itere
254 1788 445 1871 videamur,
479 1792 507 1856 si
538 1792 627 1860 circe
657 1817 780 1859 annum
812 1796 885 1864 530
916 1793 1013 1860 illum
1034 1792 1189 1860 statueri-

143 1933 168 1975 ιι
194 1908 231 1975 ἱιι
254 1905 432 1999 publicum
458 1909 604 2000 primum
630 1907 798 2001 prodisse.
838 1911 923 1977 Nem
945 1911 1019 1991 etsi,
1040 1926 1078 1974 nt
1094 1909 1191 2001 prin·

143 2030 191 2090 'es'
211 2020 289 2090 illos
312 2021 484 2103 laederet,
516 2023 753 2091 brevissimum
778 2050 875 2108 sene,
909 2048 978 2118 quo
1004 2048 1071 2090 une
1096 2025 1190 2090 vire-

143 2155 175 2218 t,
211 2138 382 2230 temporis
414 2138 559 2229 spatium
586 2135 725 2220 sufficit,
762 2148 875 2207 umeri
894 2172 898 2177 ·
917 2164 987 2207 non
1022 2138 1189 2206 sufficiunt

143 2253 190 2320 rei
209 2254 301 2334 enni,
327 2272 364 2320 ut
387 2278 458 2319 non
481 2251 617 2320 laesisse
641 2273 744 2350 etque
770 2255 858 2323 adeo
882 2254 1031 2322 noluisse
1050 2250 1186 2319 laedere

143 2368 239 2461 iper
259 2365 365 2435 {idem
385 2367 496 2434 iaciat.
535 2370 646 2451 Quem
666 2369 731 2462 -qui
752 2388 851 2462 putes
874 2368 929 2438 rel
953 2368 1185 2459 ambiguous

143 2507 200 2549 ιι
223 2479 338 2550 alieno
366 2480 521 2576 exemplo
547 2484 582 2549 in
603 2508 650 2552 -eo
675 2508 803 2578 genere
828 2508 941 2565 usum,
974 2483 1009 2550 in
1037 2502 1109 2574 qno
1135 2495 1186 2547 tot

143 2612 184 2665 tn
202 2614 343 2693 praesto
369 2597 505 2664 essent?

592 2788 622 2877 §.
647 2786 683 2857 5.

185 2931 265 3001 Non
280 2934 364 3001 setis
390 2951 440 3001 est
463 2935 565 3028 igiter
590 2932 703 3028 quod,
739 2930 869 3027 quide
897 2929 1065 3000 editenun
1088 2930 1187 2999 subu-

143 3072 196 3115 em
231 3051 444 3142 temporibus
476 3051 688 3118 commentati
722 3067 817 3129 sunt,
848 3049 915 3114 iem
935 3049 1030 3114 cirea
1055 3073 1082 3113 s.
1109 3046 1193 3115 537·

143 3165 242 3243 edm,
257 3165 445 3232 exercuisse
471 3164 624 3233 Plautum
657 3162 927 3234 contenderunt:
957 3162 1020 3231 nui
1045 3158 1191 3253 -qui'flem

143 3280 234 3372 iperi
256 3304 389 3363 earnm,
411 3305 504 3372 quae
523 3279 628 3347 hodie
655 3280 854 3372 superstites
880 3294 967 3358 sunt,
993 3275 1188 3370 antiquissi-

143 3394 375 3485 imbuerunt
400 3419 476 3462 cum
501 3392 805 3464 Windisohmnnno
829 3418 864 3487 p.
892 3394 962 3463 teo
987 3391 1188 3459 Petersenus

145 3508 221 3579 617
261 3525 297 3575 et
330 3507 504 3577 Nandetus
540 3509 575 3576 in
605 3508 745 3575 Diernis
783 3504 1003 3575 Eruditor-um
1026 3504 1186 3573 Parisinis

147 3622 315 3695 1838111.
340 3623 403 3691 lut
427 3621 563 3717 pm,
590 3622 801 3716 quanmmvis
829 3639 864 3691 et
888 3622 932 3689 eb
957 3619 1018 3689 il-to
1043 3635 1077 3687 et
1100 3619 1189 3685 inter

143 3753 196 3803 ret
219 3736 287 3829 ipsi
313 3736 569 3806 ‹le-'sebnlnrem
597 3738 719 3806 ordine
735 3737 996 3833 'discrepantes
1048 3733 1115 3817 Qui
1136 3731 1188 3798 lo-

180 3851 355 3921 nniversus
384 3850 486 3920 latius
523 3871 630 3947 petet,
666 3877 766 3946 quem
807 3876 907 3943 quem
943 3846 1045 3915 licent
1078 3843 1123 3922 ὡς
1148 3844 1186 3911 ἐν

143 3952 234 4059 ῥόδῳ
250 3966 494 4062 perstringere.
534 3968 602 4036 Sed
629 3966 820 4059 largiemur,
847 3961 941 4057 quod
960 3959 1101 4055 quidem
1115 3982 1186 4025 non

143 4077 326 4161 cedimus,
359 4083 449 4151 circa
480 4108 508 4148 e.
533 4083 605 4156 537
628 4081 765 4149 demum
793 4076 838 4177 ai
857 4073 1031 4145 *faciendas
1058 4070 1187 4140 fabulas

143 4211 218 4261 :tam
251 4221 325 4264 sese
364 4196 570 4291 applicasse:
615 4198 660 4264 ita
695 4197 758 4263 etsi
792 4192 903 4288 potuit
936 4212 1015 4257 sene
1053 4212 1082 4255 o.
1116 4185 1189 4257 556

143 4309 208 4379 trs
249 4311 318 4381 iem
353 4310 509 4381 densim
539 4310 610 4381 diei
646 4337 664 4380 a
698 4311 886 4388 Cicerone,
927 4323 1039 4375 nmen
1068 4325 1113 4369 ne
1140 4297 1188 4366 sic
