2872 4942
494 368 666 415 rutuvuut
688 367 882 414 riuvriutu.
1161 348 1231 418 529

143 539 294 610 mutinae
325 538 452 611 scilicet
476 538 716 629 constructioni
744 537 960 619 consuluere,
995 541 1056 632 qui
1081 540 1160 607 olim
1184 541 1236 608 rel

143 684 256 753 qnam
280 663 498 752 sponsionem
523 656 583 725 vel·
604 681 688 749 quas
714 660 915 748 sponsiones
942 677 1126 725 suaserunt.
1178 658 1237 725 His

143 781 261 843 antem
289 775 443 848 omnibus
476 776 541 839 inm
572 772 657 838 illud
683 771 795 852 udde,
831 772 925 864 quod
956 772 992 837 in
1017 773 1239 842 Ambrosinno

144 891 270 960 codice
295 913 333 956 en
360 911 447 983 quae
473 888 697 982 disceptamus
725 889 825 955 verba
848 912 917 954 uon
936 905 1015 980 post
1030 912 1163 956 versum
1181 890 1239 972 26,

143 1008 210 1076 sed
236 1025 326 1074 unte.
343 1033 418 1072 eum
444 1009 554 1099 posita
577 1023 667 1072 suut:
694 1003 810 1098 quales
831 1003 981 1071 locorum
1006 1008 1237 1073 commutatio·

143 1128 213 1192 nes.
234 1140 364 1203 constat
389 1148 493 1215 saepe
519 1121 645 1188 indicio
674 1147 746 1188 esse
771 1121 1077 1214 interpolatiouum.
1105 1158 1151 1170 —
1185 1124 1235 1189 Eo

143 1241 248 1334 igitur
272 1264 328 1306 res
356 1256 429 1305 esse
457 1236 601 1303 adducto
626 1236 766 1318 videtur,
793 1240 847 1305 vix
872 1255 907 1302 ut
933 1264 950 1303 a
978 1261 1237 1343 quoquumfipu·

143 1372 215 1422 tem
242 1354 296 1422 vel
323 1353 487 1421 tantillum
516 1352 680 1434 dubitari,
707 1355 788 1446 quin
814 1371 901 1420 totus
924 1351 1107 1420 versiculus
1127 1354 1235 1427 ¹e.·tcli

143 1472 219 1537 fere
245 1489 361 1538 versus
386 1472 434 1540 25
472 1469 695 1562 explicatione
720 1488 815 1536 natus
847 1472 904 1536 sit:
938 1494 1022 1560 quas
1039 1495 1103 1562 pro
1125 1495 1233 1562 spon-

143 1592 248 1652 sione
286 1585 354 1673 (vel
381 1587 519 1654 fortusse
542 1610 606 1678 pro
638 1610 707 1679 qua
738 1587 922 1677 sponsione
955 1583 1081 1677 potiu's)
1124 1610 1233 1678 nuper

143 1718 295 1770 exactus
325 1724 380 1767 es:
419 1702 539 1795 quibus
579 1678 834 1768 concedendum
875 1719 926 1767 est
959 1724 1026 1767 non
1059 1699 1145 1766 male
1177 1700 1236 1767 illa

143 1815 317 1912 explanari
343 1819 475 1885 brevius
496 1845 520 1885 ·a
547 1836 647 1923 poeta
672 1818 870 1910 significata:
897 1817 1030 1910 Nempe
1055 1838 1139 1910 qttas
1157 1843 1236 1910 spo.

143 1934 271 2007 pondi:
286 1966 333 1983 -
359 1937 469 2001 Immo
492 1955 577 2028 quos
603 1933 752 2024 dependi
774 1933 914 2026 inquito.
966 1932 1103 2003 Efflllis
1127 1950 1235 1999 autent

143 2051 259 2119 serbis
285 2048 476 2142 explicandi
502 2074 612 2117 caussa
639 2050 790 2142 ascriptis
817 2074 890 2117 cum
909 2074 1054 2130 versum,
1082 2049 1233 2143 quisquis

143 2167 228 2247 init,
258 2163 389 2231 efficere
418 2162 591 2246 studeret,
619 2166 737 2232 fuctum
764 2185 814 2232 cst
840 2183 959 2258 utpro
985 2160 1233 2258 praepositione

143 2299 222 2350 rute
258 2302 368 2374 nuper
401 2283 538 2350 traiecta
580 2283 722 2349 barbara
761 2282 918 2375 prodiret
951 2306 990 2348 ac
1025 2297 1234 2350 monstruoso

143 2383 322 2492 pronuper
342 2397 460 2466 formu.
902 2389 905 2394 ’

1023 2588 1126 2653 ‚tlh

672 2638 713 2711 V·
960 2666 968 2691 ’
1031 2688 1139 2765 w

241 2850 432 2920 Trinummi
456 2850 516 2936 Ill,
532 2859 563 2935 2,
589 2873 767 2948 postquem
780 2853 944 2951 Lysiteles
966 2880 1083 2926 vorsus
1105 2855 1226 2932 onor

143 2965 192 3058 [Y
186 2985 275 3035 anto
291 2972 424 3036 meliust
442 2969 483 3037 ad
502 2971 625 3036 toleres
645 2968 796 3056 moenio)
816 2975 1051 3065 pronuntiavit,
1077 2976 1231 3071 sequitur·

143 3082 323 3155 [rethorici
349 3089 469 3168 oratio,
496 3112 514 3152 u
540 3114 568 3154 v.
593 3086 640 3156 62
668 3087 770 3172 (Nolo
792 3110 858 3180 ego
884 3091 968 3157 milii
991 3107 1024 3157 te
1049 3106 1122 3158 tam
1143 3118 1226 3185 pro-

143 3206 306 3295 spicere.
333 3247 341 3266 .
364 3199 389 3285 )
414 3204 593 3294 incipiens,
616 3204 651 3266 in
676 3203 758 3269 haec
785 3222 896 3270 eutem
922 3207 1024 3272 verbu
1049 3202 1223 3275 desinens:

157 3315 209 3386 66
239 3311 328 3408 Quis
344 3341 398 3383 nte
425 3316 609 3410 improbior
630 3312 850 3408 pe'rliibeatur
875 3310 977 3388 e'ssei'
1001 3315 1094 3414 :ilaec
1108 3310 1224 3413 sutrii-

249 3498 252 3504 .
733 3434 871 3525 gera'tio

168 3568 188 3593 -“
239 3544 288 3616 Τό
313 3548 493 3626 honestet,
533 3572 584 3616 me
618 3546 732 3617 cutim
758 3552 949 3636 collutulet,
985 3547 1018 3623 sl
1042 3561 1117 3624 sine
1141 3559 1222 3626 dote

730 3662 889 3750 dulceri&

151 3822 154 3827 ·
240 3777 321 3848 Tibi
343 3786 389 3849 sit
413 3774 673 3848 emulamintum
694 3784 852 3866 honoris,
876 3761 980 3862 mibi,
1013 3788 1106 3880 quod
1128 3789 1220 3858 obie-
1275 3800 1282 3817 ³

734 3896 842 3983 crint,
869 3903 943 3968 siet.

143 4011 338 4110 Respondet
358 4010 519 4108 Lysiteles
544 4034 573 4080 v.
598 4005 662 4082 69:
701 4015 814 4121 Quid?
852 4032 886 4081 te
911 4015 1115 4088 dictatorem
1140 4044 1221 4089 ceo-

143 4152 196 4227 sus
208 4136 318 4220 fore,
357 4137 389 4198 si
410 4129 473 4195 obs
497 4146 532 4195 te
558 4150 681 4220 agrum
705 4132 914 4222 acceperim?
952 4132 1082 4202 duobus
1110 4156 1222 4215 nutem

143 4249 326 4317 Lesbonici
350 4248 499 4315 versibus
524 4247 728 4338 interpositis
746 4248 859 4338 pergit
874 4249 911 4314 in
930 4238 1225 4342 repudianda‘hu.

144 4365 204 4434 lus
222 4363 434 4446 condicione,
458 4363 643 4431 orationem
670 4378 849 4454 portemus
865 4358 1092 4437 Lesbonicus
1108 4362 1226 4466 mig'tu

992 4479 1131 4557 34.
