2872 4942
439 354 446 363 '
509 348 543 391 ΙΙ.
569 348 612 389 ΒΕ
635 345 762 388 tertre
790 344 920 389 PLdVTl·

665 560 753 624 ιιι.

621 704 677 770 ur
701 707 731 793 §-
758 703 790 773 o.

267 855 339 943 Hac
370 851 506 921 demum
539 849 744 919 calculorum
777 850 996 943 congruentia
1022 852 1188 933 efficitur,
1218 874 1249 925 nt
1293 834 1295 865 ³

170 971 215 1039 de
241 969 427 1063 integritate
454 991 571 1033 eorum
594 991 824 1045 numerorum,
839 990 924 1060 quos
941 966 1158 1037 definiendae
1171 972 1251 1037 Noe·

167 1089 212 1167 vii
236 1085 336 1153 aetati
361 1082 489 1151 Gellius
513 1081 626 1175 paullo
654 1100 730 1149 aute
758 1081 921 1163 adhibuit,
944 1107 1012 1149 nou
1027 1082 1183 1153 videatur
1200 1084 1254 1151 do·

166 1202 265 1268 bituri
291 1223 402 1292 posse.
449 1195 588 1293 ¹Alioqui
619 1199 708 1262 enim
743 1222 847 1267 annus
883 1197 942 1265 ille
967 1202 1254 1292 quingentesimus

167 1315 434 1383 undevicesimus
469 1314 524 1380 rix
556 1314 664 1405 possit
696 1337 766 1380 nou
790 1333 965 1405 suspectus
991 1339 1078 1382 csse.
1130 1314 1254 1381 Etenim

166 1435 313 1526 scriptor
342 1453 530 1498 ermanno
556 1453 675 1496 nxvnn
709 1428 767 1521 Sp.
798 1429 934 1497 Carvilii
972 1429 1156 1499 divortium
1187 1454 1254 1499 cunt

159 1573 272 1657 prore
299 1547 423 1616 lactum
450 1546 583 1625 tribnat,
609 1543 794 1636 eodemque
820 1570 915 1611 anno
940 1543 1068 1612 subules
1093 1570 1113 1611 e
1135 1546 1255 1614 Naevio

167 1664 260 1733 datas
292 1663 429 1730 scribat:
471 1659 564 1727 idem
598 1677 707 1727 antem
745 1660 922 1755 divortium
959 1659 1041 1726 illud
1068 1658 1130 1727 lib.
1156 1660 1254 1740 Ill-,3

167 1778 346 1872 perhibent
382 1804 411 1843 a.
445 1800 548 1843 nxxnr
580 1776 722 1843 lactum:
760 1754 919 1869 quoniam
956 1776 991 1841 in
1024 1774 1190 1841 alternus
1220 1798 1253 1841 re

55 1918 62 1927 ·
168 1918 246 1960 enm
272 1916 401 1959 errasse
424 1907 566 1983 oportet,
592 1916 636 1957 ne
661 1891 727 1959 hoc
753 1890 892 1984 quidem
927 1893 1003 1958 setis
1035 1907 1169 1958 eertum
1193 1890 1255 1957 cei·

169 2011 260 2101 pinm
285 2007 460 2088 videntur,
494 2024 602 2073 utrum
631 2006 750 2072 eodem
775 2030 870 2072 anno
896 2010 1178 2099 quingentesimo
1198 2028 1255 2073 nrt·

168 2123 372 2193 devicesimo
397 2147 440 2189 nn
465 2121 601 2202 eodem,
635 2146 701 2216 quo
729 2122 873 2189 Caruilii
896 2121 1082 2189 divortium
1099 2126 1254 2205 „sactum

167 2237 310 2307 voluerit
334 2237 392 2305 ille
418 2226 512 2305 datas
547 2265 566 2303 e
590 2238 715 2306 Naevio
743 2237 870 2305 sabulos
896 2237 1023 2305 dicero.
1072 2236 1255 2307 Fatendum

168 2371 219 2421 est
240 2373 350 2422 temen
376 2355 421 2421 ita
447 2334 597 2419 Gellium
622 2378 699 2420 suos
723 2352 800 2421 illos
828 2351 1065 2420 excellentium
1091 2353 1257 2421 henim

167 2468 219 2556 (ut
241 2471 315 2563 ipse
340 2468 400 2554 ait)
432 2465 728 2562 συγχρονισμοὺς
755 2469 1000 2562 composuisse,
1025 2486 1062 2533 ut
1087 2495 1131 2536 ex
1153 2487 1257 2537 certo-

167 2609 243 2663 rum
273 2610 438 2653 annorum
472 2585 667 2652 delinitione
697 2610 810 2652 earum
847 2609 929 2677 quas
967 2582 1122 2677 prodidit
1148 2606 1256 2667 rerem

169 2697 324 2767 ordinem
349 2718 513 2781 necteret,
538 2724 607 2769 nou
635 2724 676 2766 ex
701 2702 850 2792 ipsarum
875 2723 987 2765 rerum
1004 2700 1093 2767 inter
1116 2725 1155 2768 se
1172 2722 1257 2767 com-

168 2815 359 2904 paratione:
404 2814 575 2881 latendum
607 2835 782 2907 praeterea
811 2833 878 2882 tam
905 2834 1022 2908 suapte
1049 2833 1169 2883 natura
1193 2814 1257 2883 dis-

169 2951 287 3018 parem
313 2952 384 2993 esse
408 2930 511 3019 primi
538 2928 600 3015 (ut‘
626 2931 798 2997 veteribus
823 2928 945 3014 risum)
979 2932 1066 2997 iuter
1083 2918 1257 3035 ἥμισυ

170 3041 305 3109 divortii
332 3060 365 3109 et
390 3060 536 3109 actarum
561 3043 746 3111 fabularum
769 3046 974 3125 memoriam,
997 3064 1160 3138 ntacgrc,
1180 3041 1257 3137 quid

168 3159 260 3225 iuter
286 3175 461 3250 utromque
487 3157 538 3225 rel
563 3160 793 3227 intercesserit
823 3159 876 3226 vel
908 3164 1015 3251 possit
1046 3159 1259 3228 intercedere

169 3270 437 3354 necessitudinis,
456 3292 607 3365 exputcs.
640 3273 708 3340 Sed
733 3274 839 3342 nihilo
866 3293 978 3341 tamen
1000 3276 1109 3342 minus
1134 3274 1179 3343 de
1196 3299 1261 3339 nu·

170 3411 340 3453 merorum
366 3384 457 3479 apud
481 3387 569 3454 Gell.
594 3388 653 3455 lib.
679 3389 777 3457 XVII
813 3389 1006 3481 corruptela
1037 3388 1136 3457 facile
1165 3388 1262 3483 ¹quis-

169 3505 260 3596 piam
296 3503 484 3594 suspicetur
520 3523 553 3570 et
583 3519 677 3574 XXIII
713 3529 776 3595 pro
803 3522 917 3575 XVIIII
952 3531 970 3571 a
1000 3504 1111 3571 Gellio
1155 3502 1262 3596 prose-

97 3647 100 3665 ·
172 3635 261 3684 ctum
292 3615 428 3710 colligat
461 3644 502 3683 ex
526 3618 678 3684 eiusdem
708 3619 759 3682 rei
792 3619 961 3685 mentione
999 3618 1057 3711 lib.
1087 3619 1137 3686 IV
1165 3618 1261 3684 fectu:

172 3754 240 3823 quo
275 3733 339 3797 sibi
373 3733 447 3824 ipse
486 3757 529 3796 ne
556 3749 727 3823 repugnet
760 3733 913 3823 scriptor.
964 3733 1040 3800 Nou
1075 3734 1262 3825 ignoremus

171 3844 224 3913 rel
248 3848 285 3911 in
308 3846 370 3912 hos
398 3871 558 3912 numeros
584 3848 807 3936 gravissimam
831 3845 998 3938 quendum
1024 3846 1264 3915 dubitationem

102 4000 106 4006 ·
174 3959 307 4040 cedere,
333 3962 494 4052 quoniam
520 3963 578 4052 qui
605 3963 635 4027 ei
661 3987 749 4029 anno
775 3961 836 4027 lib.
851 3963 899 4029 IV
922 3962 1018 4029 simul
1046 3962 1172 4031 adiecti
1189 3943 1264 4030 eou-

173 4072 261 4140 sules
288 4093 378 4154 suut,
413 4077 460 4141 M.
486 4074 606 4142 Atilius
634 4092 667 4141 et
690 4079 726 4140 P.
747 4076 901 4143 Valerius
916 4125 925 4155 ,
960 4102 1029 4143 non
1051 4076 1134 4144 illuc
1160 4076 1264 4171 perti-

173 4205 257 4252 nent
289 4186 349 4252 scd
381 4186 425 4252 ad
458 4214 485 4253 a.
512 4214 620 4254 nxxvu
648 4191 745 4256 Varr.
788 4193 830 4257 Et
855 4192 972 4258 harum
1009 4191 1151 4284 quidem
1184 4166 1264 4257 <llusb

172 4326 247 4368 rum
286 4328 400 4370 rerum
428 4328 495 4369 nec
530 4318 641 4394 potest
671 4330 749 4370 saue
783 4330 852 4372 non
884 4306 965 4372 salsa
998 4332 1070 4373 esse
1095 4305 1263 4391 alterutro,
