2872 4942
462 343 709 388 nosceremur
738 342 931 409 rntvrtutr.
1167 318 1239 392 495

153 517 373 591 Plriloluclte:
401 523 452 617 vel
477 541 513 588 ut
535 523 632 590 simul
660 521 834 590 omittendi
859 548 973 592 caussa
1000 526 1163 618 quaedam
1184 555 1240 622 pa·

159 659 250 708 teet:
276 641 373 708 Heus
398 633 610 720 Philolache,
637 643 707 705 cxi:
726 634 862 726 facinus
884 645 1087 731 promissum
1110 661 1200 736 peto.

254 757 326 822 lam
350 779 428 822 vero
455 756 514 848 qui
538 774 629 822 recte
651 757 826 821 aestimare
845 754 943 830 volet,
969 758 1101 825 iustone
1124 760 1243 827 ordine

153 892 223 941 tam
248 869 377 964 prolixa
406 849 540 963 tamque
569 871 657 937 varia
684 871 862 936 Tranionis
903 869 1117 965 danistaeque
1144 874 1244 942 alter-

154 988 246 1075 cafl'o
270 969 443 1080 procedat,
470 987 501 1052 ei
526 1005 662 1078 praeter
688 1002 800 1051 cetera
823 985 908 1052 illud
922 987 1047 1080 ubique
1063 988 1245 1056 tenendum
1326 1016 1329 1021 ·

156 1119 233 1184 est,—
249 1101 342 1197 quod
367 1119 402 1169 et
423 1127 480 1169 res
505 1102 578 1194 ipsa
603 1099 752 1193 postulat
774 1119 808 1168 et
834 1104 1051 1170 cummaxime
1077 1130 1130 1171 ars
1147 1105 1245 1172 Plau·

158 1219 231 1288 tina
258 1217 383 1307 suadet,
409 1236 445 1284 ut
470 1215 679 1310 pedetentim
707 1233 741 1283 et
755 1216 990 1313 tanquarffper
1004 1219 1125 1312 gradus
1145 1246 1246 1314 quos-

156 1335 241 1403 dam
264 1360 282 1400 a
302 1331 474 1455 'appetiere
506 1330 625 1398 affectu
660 1329 703 1434 ad
729 1331 887 1398 maiorem
925 1333 1025 1399 animi
1051 1336 1246 1403 concitatio·

157 1473 244 1515 nem
275 1448 403 1516 Tranio
437 1444 690 1539 progrediatur:
732 1445 859 1513 deinde
894 1466 1003 1514 autem
1036 1465 1073 1514 ut
1099 1449 1245 1543 singulae

158 1558 356 1639 sermonum
393 1560 528 1628 illorum
563 1578 674 1654 partes
708 1562 754 1627 ita
787 1532 1020 1647 invicenfflibi
1047 1562 1247 1657 adaptentur

159 1657 485 1770 continuentuique,
523 1695 559 1744 ut
593 1700 669 1743 vero
705 1678 940 1743 sententiarum
976 1679 1111 1746 vinculo
1140 1706 1247 1774 caque

158 1791 424 1873 necessitudine,
450 1818 535 1885 quae
562 1793 627 1885 ipsi
653 1793 765 1860 sensui
791 1793 1178 1864 humauoconsentanea
1197 1799 1247 1878 sit,

159 1912 254 1977 inter
279 1933 314 1975 se
337 1909 576 1976 contineantur.
627 1906 746 1974 Talem
771 1927 881 1975 autem
904 1908 1076 1991 ordinem,
1098 1931 1136 1980 ut
1159 1939 1248 1983 nunc

160 2050 222 2094 res
249 2041 311 2106 est,
337 2021 524 2090 desiderari
546 2047 614 2088 non
640 2021 723 2116 fugit
747 2025 910 2090 Pistorem
937 2043 971 2091 et
991 2027 1163 2093 Bothium:
1190 2032 1249 2123 qui

162 2140 261 2237 quod
295 2141 409 2234 paucis
444 2137 646 2232 quibusdam
682 2140 993 2231 transpositionibus
1018 2141 1102 2208 nihil
1137 2160 1249 2212 tamen

164 2277 328 2354 egerunt,
354 2282 394 2325 eo
419 2255 619 2335 factumest
640 2253 734 2348 quod
759 2258 793 2321 in
821 2255 956 2347 singulis
982 2257 1162 2326 haeserunt
1185 2284 1250 2328 nec

165 2392 289 2445 cuncta
314 2373 411 2441 simul
437 2389 594 2463 tanquam
621 2371 682 2438 suh
712 2397 821 2470 ‘unum
849 2390 1069 2465 conspectum
1095 2376 1251 2444 subiece-

162 2509 255 2559 runt.
307 2487 406 2575 Quod
428 2487 492 2555 nisi
506 2486 639 2569 feceris,
663 2486 797 2554 difficile
819 2504 951 2554 estnon
968 2513 1097 2579 errare:
1122 2492 1250 2584 quippe

164 2630 236 2681 tam
260 2607 377 2675 brevia
401 2606 586 2674 concitatae
614 2605 902 2672 sermocinationis
919 2605 1067 2671 membra
1081 2606 1251 2675 fatendum

164 2743 229 2805 est,
256 2723 314 2790 ubi
342 2746 404 2814 per
429 2744 464 2786 se
491 2737 704 2812 spectentur,
730 2743 799 2786 non
825 2743 928 2784 unum
953 2718 1108 2787 ordinem
1131 2719 1253 2791 admit

162 2860 254 2918 tere,
280 2836 340 2905 sed
364 2835 475 2902 multis
502 2834 610 2901 modis
636 2858 706 2901 non
731 2835 847 2927 inepte
872 2833 1009 2927 disponi
1033 2861 1146 2929 posse.
1183 2818 1253 2906 Sed

160 2952 373 3029 ordiendum
400 2950 537 3044 quidem
562 2951 658 3017 nobis
686 2974 823 3044 quoque
849 2968 932 3018 esta
955 2952 1100 3046 singulis.
1136 2953 1252 3047 ltaque

161 3073 251 3141 hinc
276 3069 488 3162 proficiscar,
515 3065 608 3159 quod
633 3093 661 3134 v.
689 3069 735 3134 57
763 3066 890 3134 danista
912 3072 1061 3160 quaerit:
1088 3074 1171 3163 quin
1195 3095 1253 3138 vos

169 3183 260 3254 mihi
281 3187 418 3273 foenus
451 3181 554 3248 date?
597 3179 681 3273 quid
712 3184 916 3273 nugamiuil
968 3187 1015 3252 At
1050 3189 1253 3280 promiserat

163 3302 297 3372 Tranio
324 3299 436 3365 datum
458 3299 500 3364 iri
525 3325 554 3364 v.
579 3298 644 3366 53:
682 3321 761 3390 ergo
788 3322 855 3365 non
885 3297 972 3365 illud
996 3303 1116 3393 'potius
1148 3330 1253 3397 quae·

164 3414 317 3488 rendum
340 3432 411 3483 erat
436 3413 658 3506 simpliciter,
681 3440 781 3506 quam
806 3414 886 3482 hoc:
914 3440 974 3482 cur
999 3413 1161 3500 differtis,
1187 3445 1252 3489 nec

168 3532 314 3604 statim
340 3528 505 3597 redditis?
552 3529 621 3625 Sed
648 3538 758 3598 tamen
782 3529 850 3597 hoc
875 3529 917 3597 ad
940 3549 1086 3600 nostram
1113 3534 1252 3626 quidem

168 3649 402 3746 quaestionem
429 3647 548 3713 levius:
576 3647 659 3715 nibil
685 3648 772 3714 enim
797 3645 979 3739 proclivius
1002 3674 1100 3742 quam
1125 3653 1253 3719 intruso

169 3766 210 3833 ab
244 3765 428 3857 interprete
453 3765 591 3848 factrus
632 3764 768 3829 nomine
806 3763 896 3829 illam
932 3766 1037 3856 ipsam
1072 3767 1252 3848 notionem,

169 3905 257 3976 quae
284 3896 334 3946 est
356 3882 496 3952 statimr
526 3877 619 3955 ilico,
648 3876 819 3969 expulsam
840 3877 988 3945 credere.
1041 3880 1178 3947 Gravius
1204 3900 1254 3950 est

169 3993 266 4091 quod
290 4011 368 4087 post
385 4012 434 4060 sat
457 3990 589 4085 placida
615 3993 793 4059 Tranionis
818 3994 919 4060 verba
943 4020 972 4059 v.
985 3995 1049 4066 68:
1076 3995 1189 4062 lzercle
1209 4022 1253 4064 ne

170 4132 210 4181 ιιι
237 4109 296 4178 abi
330 4108 453 4184 modo,
487 4108 642 4173 ausculta
667 4106 768 4183 milti,
803 4107 929 4174 danista
951 4111 1060 4177 statim
1092 4109 1253 4206 nulloque

170 4229 313 4297 transitu
335 4226 422 4293 facto
448 4224 490 4290 ad
507 4222 746 4291 nominandum
762 4221 1047 4318 clamabundaque
1060 4249 1143 4294 voce
1162 4252 1254 4294 com-

164 4340 370 4440 pellandum
396 4339 658 4409 Philolachetem
684 4341 804 4434 pergit,
832 4339 1000 4435 subiungit
1014 4359 1122 4408 autem
1149 4342 1252 4412 multo
