2872 4942
362 392 364 402 .
449 408 451 411 ,
506 363 669 405 'saravum
699 358 892 404 curvantur.
1179 328 1248 399 575

168 558 224 600 sus
251 531 373 599 eodem
398 531 498 612 redit,
525 535 604 600 acsi
631 529 732 611 dicas,
759 531 851 623 quod
877 532 987 622 ipsum
1012 547 1251 623 exspectamus,

167 647 254 740 quid
278 653 327 714 eis
344 651 469 735 facere
495 634 552 714 uis.
588 649 700 740 Atque
726 647 793 713 hoc
817 649 927 738 ipsum
948 647 1157 711 Hermannus
1180 671 1253 710 mu*

167 766 294 830 tatione
319 762 461 855 quadam
486 789 543 828 sua
569 761 845 854 consequendum
871 758 1022 853 putabat:
1059 760 1143 853 quid
1167 765 1253 827 istoc

158 882 291 968 faeere
314 895 445 971 postea.
506 878 570 960 Qui
604 878 686 943 mihi
715 877 868 942 infinitivi
903 900 980 942 usus
1013 875 1098 947 adeo
1131 873 1257 942 dubius

169 1014 240 1076 est,
272 1013 325 1074 ut,
358 996 383 1060 si
383 992 494 1086 quid
520 992 715 1059 mutandum
741 1016 813 1058 esse
841 989 1089 1080 concederem,
1124 989 1252 1056 facilius

168 1137 246 1176 eum
273 1110 382 1200 ipsum
408 1109 603 1174 infinitivum
623 1132 720 1199 quam
745 1108 883 1172 verbum
906 1106 1034 1170 finitum
1054 1106 1253 1197 cogitatione

130 1203 133 1207 ι
170 1225 254 1293 addi
279 1226 425 1291 dicerem
454 1244 487 1290 et
513 1224 557 1290 de
583 1224 645 1290 hac
672 1225 853 1313 cogitarem
894 1220 1085 1314 corrigendi
1110 1223 1253 1287 ratione:

168 1340 255 1436 quid
280 1345 328 1407 vis
351 1343 436 1406 istoc
458 1357 603 1432 postea:
629 1341 759 1424 facere
794 1355 829 1402 ut
860 1339 901 1402 ab
936 1340 1125 1429 interprete
1154 1339 1256 1403 ascri·
1321 1309 1325 1326 ι

168 1477 266 1551 ptum
294 1473 476 1547 putaretur.
510 1456 548 1520 In
567 1453 787 1519 Ambrosiano
808 1469 917 1518 autem
939 1479 1024 1545 quae
1043 1454 1129 1519 inter
1144 1452 1254 1535 QUID

170 1591 207 1640 et
232 1573 351 1638 lSCIT
381 1570 464 1636 duae
490 1569 620 1635 litterae
644 1568 874 1646 intercedunt,
912 1536 1024 1633 earffth
1060 1568 1163 1634 altera
1189 1570 1257 1635 visa

172 1706 225 1754 est
250 1689 272 1754 S
297 1711 384 1752 esse.
411 1705 447 1752 ut
473 1684 555 1750 nihil
582 1687 645 1750 nisi
670 1682 831 1751 ISISCIT
845 1684 941 1776 proI
926 1680 1071 1750 ISSCIT
1098 1708 1256 1775 peccasse

169 1800 329 1870 lib1··aiius
354 1800 513 1866 videatu1.
577 1801 627 1864 Ex
654 1799 774 1875 eodem
800 1797 931 1865 libro
918 1825 987 1865 iem
1009 1798 1184 1917 aliquisv.
1210 1795 1258 1868 36

171 1944 238 2012 pro
261 1942 283 1981 a
285 1917 385 2010 liquis
411 1920 479 1981 iam
500 1916 644 2007 reposui.

273 2033 433 2100 Ceterum
459 2030 663 2124 scaligerum
691 2055 764 2096 oum
791 2024 878 2109 dixi,
906 2028 973 2095 duo
1001 2028 1183 2123 significavi
1205 2027 1257 2094 in-

173 2148 280 2217 clutae
308 2145 528 2211 bibliothecae
563 2145 740 2239 Leideusis
777 2143 931 2236 exempla
968 2147 1055 2238 typis
1091 2168 1258 2236 expressa,

171 2263 315 2330 alterum
355 2261 596 2327 Pleminianum
632 2261 798 2328 Sambuco
836 2261 966 2327 editore
1001 2261 1193 2352 Anverpiae
1231 2285 1260 2325 a.

173 2374 408 2447 CIDIDLXVI
435 2377 618 2470 vulgatum,
644 2379 679 2443 in
702 2377 811 2443 fronte
836 2377 887 2442 his
914 2376 1025 2442 verbis
1051 2402 1150 2441 manu
1177 2375 1260 2441 scri-

172 2495 242 2588 ptis
266 2492 472 2584 insignitum:
518 2494 644 2560 Omnia
677 2517 764 2586 quae
798 2496 833 2557 in
869 2491 1049 2557 libro'isto
1084 2507 1261 2585 annotata

172 2626 278 2684 sunt,
310 2610 483 2702 Scaligeri
511 2635 529 2676 e
564 2609 660 2676 libris
690 2608 870 2699 descripsit
907 2608 1158 2686 Commelinus,
1199 2623 1283 2673 aut*

148 2725 374 2813 Gruterus,⁸
409 2726 546 2792 alterum
573 2724 761 2791 Basileeuse
789 2751 828 2789 ex
856 2724 1004 2825 editione
1032 2725 1216 2792 Camerarii
1242 2750 1261 2790 u

161 2840 218 2908 QG.
243 2841 449 2907 Fabricios.
476 2840 708 2908 CIDIDLVIII
733 2839 897 2932 repetita,
938 2839 1021 2907 haee
1056 2798 1199 2932 quidim
1218 2839 1260 2904 ab

175 2957 276 3024 initio
302 2957 426 3023 monita
452 2971 586 3022 tenens:
626 2957 721 3023 Loca
745 2956 851 3020 neulta
877 2954 925 3020 ad
946 2979 1044 3022 orum
1069 2978 1173 3020 mersu
1197 2979 1261 3021 sua

175 3072 374 3140 emendavit
399 3097 468 3141 ios.
495 3095 676 3140 seAtrenn
705 3091 738 3140 et
770 3071 915 3164 Reliqua
947 3097 1051 3137 manu
1076 3072 1193 3137 aliena
1218 3095 1263 3136 ex

174 3187 329 3255 eiusdem
355 3188 464 3253 altero
489 3187 615 3254 Codice
640 3189 793 3277 margini
816 3188 981 3280 apposita.
997 3185 1028 3272 ¹)
1076 3187 1261 3279 Vtriusque

173 3373 506 3391 m*

157 3552 163 3561 ,
190 3564 193 3569 ,
241 3500 267 3570 ”)
287 3497 465 3564 Scaligerauas
487 3499 514 3548 iu
532 3497 648 3549 Plautum
668 3497 847 3550 annotationes
868 3505 938 3550 tenet
960 3500 1038 3552 etiem
1048 3499 1147 3568 Regiae
1165 3500 1263 3551 biblio-

259 3593 376 3644 aetheeue
394 3592 476 3643 codex
494 3609 541 3644 ms.
560 3593 649 3657 8185,
668 3593 701 3644 de
719 3609 769 3661 quo
791 3609 857 3662 quae
877 3593 963 3646 alieno
985 3597 1132 3647 testimonio
1152 3595 1264 3648 conlisus

285 3685 347 3739 cliin
373 3689 475 3738 narravi
501 3688 564 3739 Mus.
584 3686 647 3753 phil.
669 3688 752 3740 Rhen.
767 3689 810 3753 IV,
830 3705 854 3756 p.
878 3691 949 3754 208,
980 3706 1032 3742 nou
1053 3695 1121 3742 omni
1140 3707 1173 3742 ex
1192 3700 1265 3758 parte

284 3797 347 3833 vera
368 3797 426 3833 esse
443 3783 507 3834 meis
524 3797 607 3848 nuper
626 3782 708 3834 oculis
732 3785 855 3851 comperi.
893 3784 1031 3836 Versantur
1050 3786 1117 3836 euim
1136 3785 1198 3839 illae
1215 3803 1264 3838 au-

285 3880 431 3951 uotatieues
451 3894 508 3929 cum
527 3878 553 3927 iu
573 3876 724 3944 explicando
745 3888 823 3945 poeta
840 3888 892 3931 tum
910 3881 936 3930 iu
965 3880 1139 3932 emendando:
1166 3891 1267 3935 utrum·

284 3990 336 4043 que
356 3983 441 4025 autem
459 3989 541 4041 genus
567 3973 599 4025 ad
618 3988 707 4024 omues
734 3973 835 4025 fabulas
854 3976 947 4041 viginti
967 3978 1087 4042 pertinet.
1134 3979 1196 4030 Mihi
1215 3981 1266 4031 etsi

276 4070 417 4136 ¹inspicere
437 4077 533 4120 tautum
560 4068 651 4134 licuit,
680 4067 758 4119 facile
778 4077 863 4121 tumea
888 4073 1008 4136 apparuit
1033 4087 1153 4140 maguum
1177 4074 1267 4126 harum
1290 4093 1311 4140 j

287 4163 440 4218 schedarum
458 4163 612 4232 illorumque
632 4163 807 4230 exemplorum
830 4163 994 4216 Leidensium
1010 4167 1038 4217 iu
1066 4169 1155 4219 critice
1179 4184 1267 4236 *geue-

286 4275 316 4312 ιο
340 4260 537 4310 consensionem
558 4274 624 4310 esse.
657 4287 691 4300 -
728 4289 757 4302 -
799 4287 834 4300 -
872 4258 938 4310 Dum
954 4261 980 4311 in
1001 4275 1032 4312 eo
1052 4277 1127 4327 sum,
1155 4271 1184 4315 ut
1200 4263 1267 4315 hauc

175 4378 188 4391 -
288 4354 420 4422 plagulam
439 4353 589 4421 typothetae
607 4353 735 4407 erroribus
754 4354 877 4406 correctis
901 4357 1045 4422 remittam,
1071 4357 1139 4410 torte
1165 4358 1267 4412 fortuna
