2872 4942
499 375 664 419 rnsnvnm
692 373 888 418 autumnus.
1166 349 1235 422 541

152 549 244 615 Item
269 547 389 616 Bacch.
415 545 473 624 lv,
499 541 533 624 4,
558 541 606 616 84
639 545 859 612 neeessariam
887 544 932 611 do
965 546 1129 640 syllabam
1160 575 1180 615 ιι
1199 547 1241 615 Ιί-

148 668 280 733 bruriis
305 651 447 758 propter
471 664 615 729 ricinum
642 679 677 728 tc
704 664 856 729 omissam
870 661 994 730 adiecit
1013 663 1240 731 Camerarius:
1319 683 1320 687 ’

259 777 356 881 Quid
378 778 442 846 tibi
465 803 587 844 aarum
611 773 751 846 reddidi
775 794 810 845 et
835 783 922 869 quia·
940 775 1012 845 ιιόιι
1027 796 1072 861 Ιιο
1097 779 1242 866 defrau-

747 893 910 962 claverim.

152 1011 247 1081 Male
266 990 422 1077 'eundem
447 1028 578 1077 secutus
605 1010 833 1077 Camerarinm
857 1008 942 1076 Rud.
968 1011 1010 1090 V,
1035 1013 1069 1090 2,
1092 1011 1139 1080 58
1163 1011 1245 1078 Rei-

152 1130 226 1197 rius
254 1127 406 1220 pessimis
429 1125 578 1192 numeris
605 1102 740 1218 scripsit
761 1125 803 1194 Si
815 1120 1033 1214 fraudunis,
1059 1120 1167 1193 dicito
1193 1132 1246 1194 uti

154 1263 192 1311 ta
219 1247 257 1309 iu
283 1235 424 1334 quaestu'
451 1258 519 1306 tuo.
565 1242 726 1310 Revocata
747 1241 913 1311 libiorum
938 1220 1103 1335 scripturn
1125 1241 1182 1309 dic
1206 1260 1244 1312 ut

152 1384 301 1434 mecum
316 1360 468 1424 restitue:
727 1436 728 1440 Ἰ

259 1473 300 1542 Si
323 1459 584 1561 ciaJraudassis,
606 1463 665 1539 dic
690 1477 786 1539 utin
811 1465 953 1567 quaestui
977 1490 1047 1545 tuo.

152 1594 308 1684 Languet
334 1589 424 1654 enim
449 1564 609 1655 ammio
635 1590 819 1680 praemissa
845 1587 916 1656 Sed
940 1586 1112 1679 particula.
1177 1589 1243 1656 Ce-

154 1726 270 1775 teram
302 1728 377 1772 oum
407 1704 595 1769 Trinummi
628 1729 728 1770 versu
760 1697 864 1771 Vetus
894 1703 969 1771 aod.
1005 1704 1097 1771 Cam.
1130 1728 1245 1773 serva-

153 1825 203 1892 rit
227 1819 453 1910 defrudavi,
489 1842 558 1886 non
587 1820 658 1886 sine
684 1819 815 1886 ratione
841 1818 975 1886 videtur
1000 1819 1120 1886 coniici
1143 1840 1244 1911 posse

155 1964 232 2006 cam
267 1937 484 2029 scripturam,
524 1960 610 2026 quse
636 1935 674 2001 fit
693 1960 714 1999 ιι
739 1933 872 2014 littera,
910 1933 1075 2002 etiamad
1100 1934 1245 2028 simplex

155 2055 302 2123 verbum
329 2047 511 2138 (frudarc)
539 2050 751 2142 pertinuisse,
774 2050 902 2117 tametsi
924 2051 996 2115 sine
1019 2048 1247 2142 discrepantis

157 2167 387 2252 fraudaveris
412 2184 444 2232 et
459 2165 664 2253 fraudassis
688 2164 822 2258 proditu
848 2182 925 2230 sunt
948 2166 1040 2231 Asin.
1067 2165 1127 2243 ΙΙΙ,
1142 2169 1175 2246 2,
1192 2169 1246 2235 15.

156 2284 246 2354 llud.
271 2285 313 2364 V,
330 2284 438 2369 2,58:
463 2279 750 2374 quemadmodum
778 2298 812 2347 et
839 2280 976 2346 cludere
1000 2304 1064 2373 pro
1088 2280 1247 2349 claudere

157 2400 395 2492 frequentatur
422 2415 455 2463 et
482 2420 544 2488 pro
571 2395 711 2461 claudus
737 2395 846 2489 (quod
870 2395 952 2463 libri
977 2413 1091 2462 tenent
1121 2396 1195 2463 Aul.
1220 2399 1246 2478 Ι,

162 2523 196 2595 1,
224 2507 289 2601 34)
324 2517 397 2607 ipse
430 2511 564 2578 Plautus
587 2511 707 2577 clodus
732 2513 876 2604 praebet
914 2510 1035 2578 Pseud.
1059 2511 1101 2591 ΙΙ,
1128 2515 1163 2594 2,
1189 2513 1246 2582 64.

157 2631 245 2698 Nam
272 2627 316 2695 de
341 2629 524 2720 composito
551 2627 688 2720 quidem
713 2629 819 2695 verbo
843 2628 982 2695 minime
1008 2626 1137 2711 dubito,
1164 2630 1247 2723 quin

158 2744 414 2817 ltoneformam
450 2742 623 2811 comoedia
654 2743 757 2811 solam
791 2745 888 2811 norit.
940 2746 1015 2828 Quo
1051 2747 1088 2810 in
1119 2771 1246 2838 genere

159 2860 217 2930 vel
242 2862 308 2928 hoo
334 2860 477 2953 aliquem
501 2861 566 2926 vim
584 2859 698 2939 habet,
726 2859 819 2952 quod
845 2858 936 2952 apud
955 2862 1162 2941 Terentium,
1189 2889 1248 2930 cu·
1294 2914 1296 2918 -

157 2979 215 3045 ius
242 2976 364 3044 cultior
389 2994 476 3043 oetas
503 3001 614 3042 cascos
632 2975 753 3042 formes
771 2975 930 3068 plurimas
951 2978 1079 3069 sprevit
1096 3004 1114 3043 a
1130 2977 1247 3046 Plauto

158 3082 374 3186 nequiquam
401 3091 545 3171 alienas,
583 3092 623 3157 ab
656 3092 788 3183 optimis
815 3091 910 3193 ligia
937 3108 1126 3159 constanter
1153 3095 1248 3161 exhi-

158 3213 268 3279 betur
288 3207 479 3296 defrudarc
506 3207 652 3300 Adelph.
678 3208 721 3288 ΙΙ,
748 3207 782 3287 2,
810 3208 858 3278 38
885 3225 919 3274 et
942 3207 1080 3279 Phorm.
1107 3209 1247 3291 I,1‚10.
1305 3200 1308 3206 ¹

157 3323 268 3420 Apud
292 3324 444 3391 Plautum
470 3341 580 3391 nutem
607 3320 807 3417 qnisi'lerat
835 3321 966 3390 duobus
991 3325 1142 3392 versibus
1168 3349 1249 3395 eon·

154 3442 262 3510 tinais
288 3443 337 3507 sie
360 3441 519 3508 variatum
544 3441 638 3508 Men.
662 3439 778 3551 W>
806 3441 859 3508 12.
891 3443 950 3525 13¹:

154 3596 158 3601 ·
266 3553 360 3657 Quia
385 3558 537 3622 commisi
562 3571 599 3621 ut
625 3581 677 3621 ma
701 3552 892 3640 dffrudcs,
917 3555 966 3622 ad
990 3581 1067 3623 cam
1091 3581 1163 3623 rem
1188 3559 1248 3644 af-

749 3673 872 3758 sectas
899 3677 999 3739 viam.
1191 3746 1193 3751 ,

263 3810 326 3856 nn.
352 3787 470 3881 Neque
493 3787 615 3879 edepol
644 3804 677 3852 tc
703 3786 944 3874 defraudandi
975 3812 1096 3854 caussa
1117 3810 1246 3880 posco:

251 3904 254 3909 ’
750 3908 835 3997 quin
860 3903 924 3969 tibi
946 3939 1010 3970 -.

155 4024 205 4092 Et
230 4040 376 4116 utroque
401 4020 480 4088 loco
504 4044 525 4086 ιι
551 4006 699 4087 vocalem
723 4036 886 4086 testantur
901 4018 1050 4090 Palatini.
1076 4018 1142 4088 Vel
1155 4019 1248 4087 Asin

155 4141 228 4224 1‚1
259 4140 332 4231 quis
359 4138 422 4203 sibi
447 4133 649 4229 persuadeat
663 4158 719 4243 ‘v
747 4137 805 4206 78·
821 4135 869 4204 82
894 4132 1164 4221 dcrfi‘audatooet
1188 4132 1249 4201 da-

145 4253 386 4349 fraudauaris
412 4254 584 4345 scriptum,
608 4253 647 4315 iis
674 4266 792 4330 antem,
819 4250 876 4342 qui
901 4268 977 4316 sunt
996 4249 1100 4317 medii
1118 4255 1175 4323 80·
1189 4254 1248 4330 81,

143 4354 214 4444 *bis
239 4372 384 4464 positum
411 4369 511 4437 fuisse
546 4365 750 4455 defrudata?
799 4365 884 4433 Nam
916 4364 1005 4434 hanc
1034 4367 1083 4433 ibi
1107 4365 1249 4435 formem
