2872 4942
5 400 8 405 -
83 384 127 451 ΙΙ,ι’
186 326 266 427 4918
555 382 611 424 vu.
636 380 677 423 nn
704 380 820 425 ntavrt

188 553 327 622 Trucul.
352 553 411 634 lv,
435 555 468 633 2,
495 548 558 620 46:
586 600 590 606 -

290 671 370 738 Iam
391 664 504 736 he'rcle
527 692 593 760 ego
619 667 693 746 tibi,
720 665 901 747 illecebra,
923 668 1024 738 ludos
1037 671 1183 762 stiriam
1206 675 1261 741 clu-

777 810 872 853 more
897 780 937 853 t'n
962 792 1026 854 via.
1124 806 1133 819 ·

189 900 335 973 Mostell.
358 905 460 986 ltu,
482 905 545 974 80:

284 1015 400 1086 Ludos
424 1044 489 1111 ego
512 1018 615 1086 bodie
634 1011 710 1084 vivo
732 1012 912 1110 praesenti
935 1024 1015 1088 seni

262 1132 447 1202 .Faeia'm.·

120 1330 124 1345 .
186 1274 263 1318 vere
289 1252 376 1317 enim
399 1277 486 1320 nunc
512 1268 666 1344 receptus
694 1269 744 1318 cat
768 1249 906 1332 dativus,
934 1278 1035 1347 quem
1063 1278 1196 1319 amanu
1213 1278 1253 1318 se-

187 1364 295 1433 cunda
321 1367 427 1434 Vetus
445 1366 528 1435 cod.
557 1383 658 1446 tenet,
682 1391 745 1459 pro
769 1390 810 1434 εο
836 1367 928 1460 quod
951 1384 1001 1434 est
1026 1370 1061 1435 in
1080 1370 1249 1444 Decnrtato,

186 1483 363 1576 Lipsiensi,
390 1485 562 1576 Principe,
587 1507 689 1549 sene:
716 1509 828 1576 neque
855 1485 943 1549 enim
958 1483 1046 1549 illius
1061 1484 1141 1550 libri
1157 1508 1247 1549 manus

185 1596 329 1666 secunda
368 1598 440 1666 sere
476 1618 526 1666 est
559 1601 726 1667 recentior
758 1598 938 1692 quaedam,
974 1599 1037 1666 sed
1072 1602 1246 1693 optimarum

184 1738 283 1807 saepe
309 1716 547 1807 scripturarum
583 1715 752 1782 servatrix.
806 1714 979 1782 Similiter
1014 1734 1065 1782 est
1094 1717 1129 1781 in
1161 1715 1244 1783 Casio.

184 1829 242 1910 lv,
272 1836 301 1910 1,
329 1831 368 1898 3:

286 1946 396 2037 Quum
422 1945 477 2012 Iu‘e
502 1937 597 2012 intus
611 1945 711 2038 flunt
736 1938 809 2013 ludi
830 1943 1054 2038 ludifiedbiles
1152 1930 1159 1959 ³

283 2060 370 2129 Seni
393 2056 522 2128 ndstra.

184 2178 408 2270 Frequentior
433 2178 530 2243 etiam
558 2175 658 2243 altera
685 2177 810 2244 locutio
835 2194 894 2255 est,
918 2200 1111 2268 quanquam
1135 2173 1239 2268 aliquo

184 2295 246 2360 ties
273 2293 388 2361 affecta
410 2291 624 2359 librariorum
650 2294 737 2360 vitio.
789 2292 955 2384 Amphitr.
981 2291 1023 2370 ΙΙ,
1053 2299 1084 2370 1,
1108 2294 1172 2361 21:

282 2406 448 2500 Roguine
475 2407 625 2501 improbe
647 2403 764 2484 e'tiam,
788 2410 848 2500 qui
872 2400 970 2472 ludos
984 2409 1087 2493 sucis
1113 2431 1182 2472 me:

183 2526 231 2591 sic
257 2526 344 2591 enim
367 2525 471 2591 Vetus
498 2543 531 2591 ει
555 2525 768 2591 Vrsiniauus:
807 2521 1013 2615 reliquorum
1047 2548 1125 2615 pars
1150 2515 1240 2587 Palati·

183 2667 303 2708 norum
334 2641 520 2727 ludifacis,
562 2640 625 2706 alia
654 2667 731 2733 pars
758 2665 831 2707 cum
857 2640 1025 2731 Lipsiensi
1053 2659 1087 2707 ει
1112 2638 1242 2728 Principe

184 2754 349 2847 ludificas.
399 2754 510 2822 Aului.
538 2757 579 2841 ΙΙ,
608 2759 640 2836 2,
669 2762 732 2828 75:

287 2866 394 2962 Que'm
418 2889 559 2937 senecta
591 2871 708 2937 aetdte
745 2870 843 2937 ludos
866 2870 991 2959 fricius
1023 2871 1118 2937 haud
1150 2854 1243 2935 merui

776 3011 858 3052 uteo.

184 3082 364 3194 oapi-tu,
391 3098 424 3179 ι,
451 3098 517 3171 47:

278 3211 326 3286 'V
322 3235 335 3282 t
360 3217 534 3301 scelestus,
559 3214 689 3309 He'giO,
716 3243 809 3283 nunc
836 3211 903 3285 iste
929 3235 963 3282 te
985 3213 1207 3305 ludosfucit:

182 3331 238 3395 ubi
265 3336 329 3396 iste
361 3358 423 3424 pro
451 3333 580 3426 vulgato
612 3339 641 3399 is
668 3332 845 3400 commode
885 3334 1043 3424 praebuit
1077 3325 1245 3425 Lipsiensis,

180 3445 275 3512 nihili
307 3446 479 3514 faciendae
512 3447 651 3515 aliorum
690 3448 901 3540 quorundam
937 3448 1129 3514 criticorum
1162 3461 1245 3536 nugat

182 3579 266 3628 suut.
318 3562 473 3628 Bacchid.
499 3565 540 3644 V,
571 3570 601 3643 1,
632 3561 693 3630 14:
1251 3632 1257 3652 ,

215 3654 241 3741 ,⁵
279 3675 340 3748 Me
366 3677 429 3744 hoe
451 3673 576 3744 aetatis
601 3672 792 3769 ludificari,
817 3678 929 3743 'immo
952 3673 1074 3769 edepol
1097 3683 1148 3745 sic
1170 3673 1249 3742 ludos

765 3790 929 3880 fa'ctum:

182 3911 238 3973 ubi
272 3911 306 3974 in
338 3912 519 3976 Decurtato
558 3927 701 3976 erratum
735 3928 783 3974 est
807 3907 915 3977 ludus.
983 3902 1248 3979 Menaechm.11‚

184 4025 217 4101 3,
242 4021 305 4090 54ι

280 4140 357 4205 Idm
382 4163 433 4203 me
459 4120 580 4202 auiubo
608 4132 726 4203 diutine
759 4138 856 4202 ludos
872 4134 1003 4224 jiicere
1036 4155 1139 4230 utque
1163 4143 1176 4204 i
1197 4136 1247 4199 liae

772 4248 899 4318 mecum
923 4253 1042 4318 simul:

184 4365 306 4430 rectius
334 4369 421 4432 enim
448 4394 513 4445 me,
532 4367 623 4462 quod
649 4370 690 4434 ab
719 4372 872 4436 omuibus
896 4368 991 4435 libris
1015 4370 1120 4448 abest,
1147 4370 1249 4435 Grute-
