2872 4942
432 132 450 199 l

180 322 256 397 442
418 350 489 393 vm.
512 351 555 393 nu
578 350 725 396 renuero
751 350 923 403 senuvia
949 351 1098 416 cautur-

183 523 270 590 illud
292 525 560 605 incommodum,
586 476 889 623 quod·secundum
917 527 1119 594 tralaticium
1153 550 1254 592 scena-

181 665 256 705 rum
287 641 439 708 ordinem
472 667 537 734 per
568 640 799 736 longissimum
834 645 997 735 temporis
1030 643 1176 736 spatium
1204 666 1257 707 nec

183 781 286 848 agens
311 759 490 850 quicquam
515 784 578 826 nec
611 757 751 825 audiens
788 760 1061 852 conspiciensvc,
1098 783 1166 826 nec
1190 781 1257 824 eon·

182 890 315 962 spectus
341 899 359 939 a
384 873 569 952 PhaniscO,
596 873 837 968 Theuropides
864 893 964 942 astet:
999 874 1061 941 sed
1083 873 1256 941 verendum

182 1015 224 1054 ne
250 987 340 1053 aliud
363 990 406 1054 ita
431 988 681 1057 incommodum
705 992 919 1057 succreverit.
972 989 1064 1074 Quid
1089 990 1181 1056 enim
1203 991 1257 1054 iam

183 1130 282 1199 agere
303 1106 502 1171 Plraniscum
531 1123 565 1171 et
586 1131 783 1172 conservum
813 1106 1086 1182 existimabimus,
1110 1104 1190 1171 dum
1209 1129 1259 1196 per

183 1219 427 1315 duodetriginta
454 1246 567 1286 versus
592 1223 668 1307 (ΙΙΙ,
694 1220 731 1306 3)
765 1224 892 1289 Tranio
927 1240 961 1288 et
984 1219 1257 1313 Tbeuropidese

183 1337 328 1404 Simonis
349 1335 489 1402 aedibus
515 1336 665 1404 reduces
692 1337 958 1432 colloquuntur?
1009 1336 1153 1406 Scilicet
1169 1335 1257 1405 Calli-

183 1450 321 1519 damatis
345 1453 466 1518 exitmn
501 1472 699 1544 exspectant
732 1472 766 1521 et
801 1455 917 1546 ecquis
950 1453 1089 1519 tandem
1114 1454 1201 1518 intus
1223 1451 1256 1517 sit

128 1592 131 1597 ·
182 1567 408 1660 speculantur.
453 1567 576 1638 Audio.
620 1571 827 1663 Exspectent
851 1571 952 1662 igitur
978 1587 1013 1636 et
1038 1567 1255 1660 speculentur:

184 1709 248 1751 nec
281 1683 333 1750 vel
366 1682 417 1749 illi
451 1687 657 1752 Tranionem
691 1687 902 1778 conspiciant
939 1711 1014 1751 cum
1049 1681 1254 1776 Tbcuropidc

186 1816 384 1877 exeuntem,
420 1826 485 1867 nec
512 1803 545 1867 bi
572 1803 635 1895 ipsi
659 1828 724 1894 per
750 1803 924 1867 maximam
949 1819 1083 1892 partem
1112 1797 1255 1891 colloquii

185 1914 235 1978 sni
260 1913 481 1982 adversitores
504 1915 589 1983 illos.
639 1921 689 1985 Ac
712 1916 939 2010 reputandum
965 1941 1057 1994 sanc,
1084 1914 1255 1982 diversisin

185 2027 268 2095 locis
295 2049 454 2123 utrosque
481 2035 624 2113 versari,
664 2053 742 2100 ante
769 2030 1000 2123 Tbeuropidis
1027 2029 1131 2096 aedes
1155 2028 1256 2099 aduer-

186 2143 304 2211 sitores
330 2145 573 2227 Callidamatis,
595 2167 671 2216 ante
698 2146 801 2215 aedes
828 2148 973 2215 Simonis
1001 2172 1078 2213 cum
1104 2145 1255 2212 Tranionc

188 2262 456 2355 Tbeuropidcm.
508 2265 579 2331 Nec
606 2265 782 2332 offensioni
808 2263 883 2332 talia
906 2263 1029 2344 fuisse,
1067 2288 1174 2356 qnae,
1203 2262 1255 2350 sie

188 2381 238 2444 rci
264 2380 400 2446 veritate
434 2398 653 2460 censeantur,
691 2406 812 2474 parum
842 2378 1089 2472 probabilitatis
1123 2379 1254 2450 habeant,

189 2499 265 2562 satis
302 2522 374 2563 esse
402 2495 603 2587 documento
630 2499 713 2563 haec
738 2522 803 2562 una
827 2495 941 2561 fabula
970 2497 1106 2588 poterit.
1157 2497 1255 2585 Neque

190 2615 276 2678 enim
305 2615 365 2693 ΙΙΙ,
395 2619 411 2680 Ι
440 2617 534 2682 initio
557 2618 835 2682 sermocinantem
864 2640 939 2681 cum
956 2614 1255 2708 TheuropideTn·

191 2730 325 2794 ninnem
351 2749 426 2796 ante
450 2758 477 2796 v.
491 2726 538 2798 33
566 2730 694 2796 danista
721 2729 963 2810 animadvertit,
989 2756 1052 2798 nec
1073 2732 1164 2811 lll‚l
1194 2744 1252 2794 em.

192 2861 225 2908 et
248 2844 307 2925 ΙΙΙ,
335 2847 358 2912 ‘2
383 2847 452 2912 init.
479 2846 532 2912 vel
560 2847 651 2912 Simo
678 2864 732 2911 aut
759 2846 964 2911 Tranionem
999 2863 1055 2911 aut
1082 2839 1251 2932 Theuropi-

192 2957 294 3038 dem,
333 2960 386 3026 vel
412 2964 485 3053 ipsc
509 2958 746 3053 Thenropidcs
773 2978 808 3025 ut
844 2960 977 3026 videtur
1013 2980 1068 3028 aut
1103 2961 1250 3028 Simonem

191 3093 247 3141 aut
272 3077 493 3143 Tranionem:
529 3094 562 3142 et
589 3094 698 3142 tamen
720 3076 847 3142 vicinae
875 3094 949 3141 sunt
975 3075 1200 3169 Theuropidis
1217 3071 1250 3137 Si·

193 3193 368 3285 monisque
396 3190 508 3258 aedes.
572 3190 683 3274 Quid?
720 3189 813 3283 quod
850 3209 929 3281 post
961 3188 1166 3284 colloquium
1198 3205 1248 3253 cum
1292 3264 1294 3273 Ι

194 3307 330 3374 Simone
358 3309 506 3373 habiturn
534 3294 751 3374 tantum'iter
783 3307 930 3391 Tranio,
971 3325 1006 3372 ut
1030 3307 1073 3371 ad
1108 3331 1194 3372 erum
1214 3322 1248 3366 re·
1292 3328 1294 3369 !

194 3421 282 3501 deut,
311 3424 475 3490 conficere
504 3423 699 3515 cogitandus
725 3439 785 3502 est,
813 3438 973 3514 quantum
997 3419 1118 3489 decem
1134 3417 1249 3489 versibus
1292 3406 1294 3483 l

194 3538 257 3626 (88
273 3530 364 3630 sqq.)
399 3539 583 3605 recitandis
611 3540 768 3616 sufficiat,
802 3539 875 3629 ipse
907 3554 1016 3601 autem
1040 3527 1248 3628 Theuropides

193 3657 275 3722 treus
298 3657 332 3722 T
328 3653 531 3743 cecropides
557 3656 668 3721 verbis
695 3653 738 3741 (v.
767 3651 828 3738 97)
857 3677 951 3718 servo
978 3648 1247 3720 inclamandum·-

194 3770 262 3838 Sed
289 3789 401 3836 tamen
427 3770 520 3865 quod
546 3795 611 3862 per
636 3770 812 3835 maximam
841 3787 976 3860 partem
1009 3767 1123 3864 illius,
1157 3771 1188 3832 iu
1207 3775 1249 3852 qU⁰

195 3913 374 3967 versamur,
398 3887 560 3979 colloquii
580 3912 647 3952 non
675 3912 747 3951 esse
772 3885 934 3950 Tranioni
955 3904 1152 3977 conspectos
1178 3871 1249 3948 Calli·

197 4003 332 4069 damatis
361 4002 580 4069 adversitores
607 4002 716 4093 largiti
743 4027 871 4080 sumus,
910 4000 946 4064 id
978 4025 1047 4101 npn
1073 4002 1153 4067 item
1177 3988 1251 4090 perll'

196 4144 280 4184 nere
308 4119 350 4183 ad
378 4120 485 4211 ipsum
515 4119 614 4183 finem
638 4119 735 4182 huius
763 4141 883 4182 scenae
909 4118 1027 4206 potuit.
1068 4104 1251 4183 Nonnesclb

198 4233 280 4323 quid
307 4236 524 4301 excusationis
552 4252 703 4325 paratum
726 4233 775 4298 sit.
832 4233 914 4296 Nam
942 4234 1068 4296 Tranio
1108 4257 1176 4298 eum
1199 4237 1251 4289 ⁵³³⁰

201 4349 243 4414 ad
267 4373 492 4443 congerrones
520 4377 554 4417 se
582 4375 657 4417 snos
686 4348 864 4416 collaturus
893 4349 934 4414 sit
960 4376 988 4416 v.
1008 4352 1064 4426 27,
1093 4340 1252 4416 tumenl10c
