2872 4942
172 322 243 398 548
486 348 526 389 tx.
577 346 619 415 oe
647 344 934 389 rureorottrroue

129 555 133 562 ·
161 519 329 586 ‘ordinem
353 536 390 583 ut
417 534 604 611 aequumst,
630 518 691 584 v.3
714 517 890 607 dignumst
915 534 949 581 et
971 532 1066 594 snut,
1092 518 1156 582 ub
1179 515 1237 579 aln-

171 659 235 728 que
249 638 355 721 foret
377 651 410 698 te
435 650 500 712 sat,
528 651 561 699 et
586 661 603 698 a
630 660 672 698 m.
689 660 739 726 pr.
767 634 883 698 altum.
920 635 1024 698 Primi
1054 650 1159 697 autem
1182 659 1237 696 ver·
1274 624 1276 641 '

171 776 225 817 sus
246 751 346 815 verba
373 769 522 816 extrema
546 767 581 813 et
603 748 726 815 nobilis
751 748 844 830 apud
867 749 1022 814 homines
1051 773 1124 815 curn
1161 747 1237 811 intel·

170 865 229 956 ligi
254 890 321 931 non
354 884 508 957 possent,
548 885 703 957 suscepta
736 865 861 930 Brantii
897 865 1081 929 mutatione
1115 862 1236 927 nobilem

170 984 245 1048 setis
274 1000 307 1047 et
329 981 472 1049 licenter
499 1000 531 1047 et
556 983 730 1046 invenuste
756 981 892 1047 Bothius
919 973 967 1045 sie
993 982 1146 1071 scripsit:

270 1094 383 1189 Atque
406 1098 496 1162 hanc
517 1097 665 1187 gloriam
697 1114 790 1161 tuam
828 1113 913 1162 ante
942 1093 1086 1160 auribus
1112 1094 1234 1161 nobilem

689 1217 757 1278 inm
787 1237 986 1304 acceperam
1011 1210 1063 1275 nd
1088 1210 1235 1275 homines:

170 1329 421 1420 spurcissimum
434 1320 566 1427 §utem
599 1348 741 1431 versu⁸
765 1328 1016 1427 Lindemannus
1058 1327 1149 1394 buno
1177 1350 1236 1417 pro·

173 1443 285 1509 cudit:

268 1556 381 1653 Atque
407 1584 472 1651 ego
498 1560 589 1624 harre
614 1574 708 1623 tuam
733 1544 881 1650 gloriam
909 1562 978 1622 iam
1010 1574 1099 1625 arete
1123 1581 1237 1648 accepe-

665 1699 740 1739 ram
765 1673 913 1739 nobilem
937 1673 1033 1766 apud
1058 1674 1211 1740 homines.

171 1794 346 1858 Praeterea
379 1817 499 1882 parum
527 1789 693 1857 credibile
719 1807 768 1857 est
800 1815 866 1856 uno
894 1789 1041 1858 dimetro
1071 1792 1239 1858 octonario·

172 1931 268 1986 rum,
295 1908 456 1999 equibus
482 1907 568 1973 haec
595 1930 695 1972 scena
723 1924 871 1985 constet,
907 1906 1124 1999 aequabilem
1157 1905 1239 1974 conti·

172 2021 332 2088 nuitatem
357 2023 519 2088 turbatam
550 2047 638 2089 esse:
672 2021 708 2086 id
736 2022 828 2114 quod
855 2025 889 2087 in
917 2021 1149 2090 diversissima
1172 2039 1239 2087 cete·

171 2138 271 2228 roqui
295 2136 417 2203 horum
443 2163 595 2204 versuum
630 2136 851 2229 dispositione
878 2136 944 2203 illis
972 2139 1114 2230 quidem
1141 2136 1238 2204 criticis

173 2276 350 2317 commune
380 2272 429 2319 est
447 2279 519 2320 oum
547 2253 752 2320 Camerario.
803 2254 834 2318 Is
863 2254 951 2319 enim
974 2279 1053 2319 cum
1082 2255 1236 2321 dimetrum

171 2367 223 2431 his
250 2368 358 2433 verbis
387 2368 700 2460 comprehenderit:
740 2366 810 2435 Abi
840 2367 944 2433 laudo
978 2374 1046 2447 sois
1074 2371 1193 2436 ordine
1211 2384 1236 2434 ut

172 2499 359 2575 aequomst,
387 2486 523 2551 Bothius
551 2486 710 2551 absonam
738 2509 877 2576 prorsus
904 2484 1045 2551 formam
1063 2488 1237 2578 hypercata-

172 2601 292 2668 leetam
322 2603 491 2668 constituit
517 2601 658 2693 Semper
683 2600 848 2693 mendicis
874 2600 1021 2667 modesti
1055 2602 1236 2705 sintfiLin-

175 2717 357 2782 demannus
383 2734 494 2782 autem
522 2719 568 2782 sic
590 2716 922 2782 certissimuscilieet
948 2722 1151 2783 coniectura
1171 2716 1233 2807 (ipss

177 2835 264 2897 enim
291 2830 348 2915 ait)
377 2831 609 2923 conglutinatis
636 2833 767 2898 duobus
795 2835 985 2899 enuntiatis:

272 2945 412 3036 Semper
438 2946 602 3011 mendicis
636 2946 798 3011 modestis
819 2947 918 3038 fidus
947 2946 1081 3034 fuisti,
1120 2944 1231 3039 infidum

653 3078 741 3127 'esse
764 3067 912 3126 iterant:

176 3175 353 3241 dimetrum
377 3177 480 3244 voluit
504 3179 594 3242 hunc
619 3203 705 3243 esse:
733 3181 824 3244 Nam
849 3177 974 3271 absque
998 3181 1099 3256 foret
1126 3197 1177 3252 te,
1192 3187 1227 3239 sat

173 3295 244 3355 seio
267 3296 303 3355 in
330 3293 409 3358 ulto.
456 3295 580 3360 Contra
607 3293 779 3385 praeclare
807 3297 925 3360 evitato
952 3294 1018 3360 hoc
1046 3289 1230 3361 incommodo

172 3407 469 3497 ingeniosissimum
504 3410 588 3472 viem
624 3409 831 3474 Hermannus
866 3411 1033 3500 ingressus
1071 3413 1167 3476 verba
1192 3405 1229 3471 illa

174 3519 296 3586 nobilis
318 3522 409 3612 apud
433 3523 608 3598 homines,
634 3543 670 3589 ut
695 3523 739 3591 de
767 3550 823 3589 sua
850 3523 931 3591 sede
959 3529 1117 3605 traiecta,
1144 3518 1230 3590 ascivit

174 3635 217 3701 ad
242 3637 399 3704 inferiora
423 3664 497 3704 eum
523 3641 631 3731 iisque
658 3641 691 3704 in
724 3641 809 3705 hanc
846 3642 1033 3708 tetrametri
1061 3659 1233 3708 structurae·

177 3778 243 3843 que
272 3755 421 3844 speciem
446 3754 567 3820 iunxit:
713 3732 721 3752 ⁶

766 3867 830 3936 bo'e
852 3870 904 3936 dis
931 3871 1128 3962 dignumst:
1168 3922 1172 3931 .

273 3979 412 4075 Se'mper
438 3980 605 4051 mendicis
643 3985 789 4051 modesti
813 4005 850 4052 ut
875 3981 973 4063 sint,
1012 4013 1110 4053 secus
1135 3973 1235 4052 nobilis

765 4101 859 4194 apud
883 4103 1046 4170 homines.

176 4213 221 4278 lta
244 4240 286 4278 ne
313 4233 346 4279 et
372 4216 507 4308 quidem
531 4216 617 4282 illud
644 4217 837 4313 neglectum
852 4238 910 4298 est,
938 4245 977 4285 ex
1001 4237 1037 4285 ut
1052 4235 1236 4312 corruptum,

175 4325 280 4393 solum
308 4349 416 4396 autem
438 4357 533 4398 secus
558 4330 707 4425 praeter
722 4335 826 4412 libros
861 4335 1021 4402 additum.
1083 4336 1171 4403 Nihil
1196 4355 1240 4398 au-

224 4496 249 4547 fl
