2872 4942
184 335 256 405 586
532 365 560 403 x.
604 366 645 406 ne
669 367 797 409 eumue
824 368 923 410 exsui

285 531 379 620 Quid
404 532 505 598 usic-lii
531 540 717 600 comminus
739 553 790 601 cst
823 536 952 627 gaudio
985 562 1094 631 quam
1132 542 1172 608 id
1193 545 1269 637 quod

777 651 873 718 abste
900 671 1038 745 expeto.

287 768 345 831 Mc
380 769 568 856 repperisse
594 781 631 830 ut
656 765 790 833 habitui
812 786 896 835 aitte
928 769 995 838 isac
1019 768 1091 858 fii
1119 770 1184 839 tibi
1205 779 1270 838 cui·

773 908 873 955 mutu.

210 995 253 1060 15
285 993 542 1086 Quocdcunquc
576 997 761 1088 applicatis
794 1000 944 1067 studium
986 1002 1125 1068 exinde
1160 1008 1269 1068 interit

774 1132 847 1181 tute

279 1227 548 1296 Ecutc'maveris.
576 1229 624 1295 ld
647 1235 699 1296 ita
724 1255 796 1297 esse
809 1235 940 1318 facere
967 1238 1214 1300 coniecturam
1232 1258 1269 1300 cc

767 1373 820 1412 me
845 1348 932 1415 licet.

274 1456 419 1525 Alienus
443 1459 540 1526 abste
566 1477 693 1528 suumn.
719 1468 794 1556 quis
820 1480 857 1529 ιιι
884 1488 974 1531 esses
1001 1490 1187 1534 noveram.
1212 1470 1266 1536 Itu

767 1603 823 1644 res
848 1598 900 1647 est
924 1597 1074 1672 grictam
1104 1583 1173 1650 tihi

272 1695 390 1758 Meam
413 1691 651 1758 Philumenam
677 1718 821 1760 uxorem
853 1713 888 1761 ct
921 1695 1012 1763 dotis
1042 1723 1112 1764 sex
1138 1699 1267 1765 talentu

771 1809 933 1902 spondae.

246 1996 483 2090 Subiungimus
509 1999 694 2090 scripturae
720 1997 978 2091 discrepantiam
993 2003 1122 2095 Guyeti
1148 2001 1211 2090 (G)
1235 2022 1263 2069 et

172 2113 299 2181 codicis
311 2114 492 2179 Ebneriaui
510 2112 579 2200 (E),
602 2140 702 2207 quem
729 2133 764 2180 ut
777 2136 938 2208 appareat
963 2143 1030 2210 qua
1052 2117 1126 2185 fide
1155 2119 1261 2186 videu-

105 2242 116 2257 ‘
171 2251 225 2298 tur
246 2231 394 2297 Murrius
419 2232 613 2310 excussisse,
639 2229 736 2298 lubet
761 2232 857 2299 etium
886 2231 929 2299 (le
954 2232 1128 2302 Altorfino
1157 2235 1262 2303 diver-

170 2372 239 2414 sum
265 2373 282 2412 u
307 2344 515 2413 Doederlino
550 2347 670 2412 Muruii
705 2349 900 2415 memoriam
924 2345 982 2436 (A)
1018 2347 1161 2418 silentio
1198 2377 1259 2418 non

170 2463 368 2559 praeterire.
418 2463 461 2527 Et
484 2487 704 2554 personarum
731 2461 870 2555 quidem
894 2464 1028 2531 nomina
1054 2466 1142 2532 inE
1165 2493 1258 2560 pcae-

102 2655 106 2664 .
169 2582 266 2645 missa
293 2580 379 2645 hacc
394 2597 483 2644 sunt:
509 2577 716 2669 Pamphilus.
746 2578 1110 2647 Chremes-Carinus.
1137 2584 1256 2650 Davus.

167 2695 269 2788 Apud
296 2698 326 2765 G
361 2695 580 2788 praemissum
614 2693 779 2761 eiusmodi
807 2694 909 2775 nihil,
942 2693 1004 2762 scil
1038 2696 1171 2789 singuli
1194 2723 1257 2764 scr-

167 2837 282 2879 mones
308 2812 499 2878 nomiuibus
523 2810 669 2875 distincti
695 2835 733 2875 ca
757 2811 894 2890 ratione,
921 2835 1020 2904 quam
1046 2812 1139 2879 infra
1165 2831 1253 2880 nota·

167 2929 284 2994 vimus.
384 2929 425 2994 V.
453 2933 480 2993 1.
510 2951 538 2994 P.
566 2927 614 2993 Te
641 2925 672 2991 G
768 2941 878 2991 tccum
904 2928 1019 2993 0qu
1130 2932 1164 2997 2.
1188 2929 1253 2995 Dc·

167 3042 207 3108 di
227 3068 365 3134 operum
390 3045 421 3109 G
584 3041 616 3108 3.
648 3057 749 3130 atqcue
778 3041 837 3106 illa
864 3045 970 3108 virum
995 3042 1036 3108 G.
1067 3059 1177 3135 atque
1201 3043 1252 3109 illa

166 3161 225 3224 EA
325 3161 356 3229 4.
380 3179 467 3231 cHA.
494 3162 601 3237 Dave,
629 3156 674 3222 ali
697 3160 788 3247 perii
812 3158 842 3224 G
962 3160 1034 3247 uita
1059 3183 1159 3226 nunc
1182 3183 1247 3225 sors

167 3274 198 3338 G
332 3280 363 3345 5.
399 3278 480 3341 Nou
507 3298 594 3357 nove
620 3266 752 3339 isthaec
776 3274 813 3338 E.
840 3292 922 3342 cun.
945 3274 1027 3338 Non
1055 3265 1152 3340 nova
1175 3280 1248 3341 istec

166 3392 196 3455 G
279 3388 310 3454 6.
336 3410 395 3460 cu.
424 3391 545 3457 Occidi
568 3392 680 3464 Dave,
702 3392 801 3481 perii.
824 3409 903 3458 cau.
932 3387 1003 3456 Sed
1028 3388 1067 3453 id
1087 3393 1128 3459 G
1219 3392 1245 3457 7.

165 3505 294 3572 idcirco
318 3506 350 3571 G
464 3510 605 3572 ousuiuo
632 3530 696 3571 om.
723 3506 755 3571 G
855 3498 915 3595 mi]
942 3503 1027 3570 milui
1049 3506 1156 3572 EGA.
1180 3507 1245 3574 Non

164 3630 370 3709 dubitamus,
409 3629 491 3721 quin
525 3631 557 3694 in
587 3625 707 3696 codice
733 3630 894 3720 seriptum
919 3631 961 3694 sit
993 3614 1048 3704 cis,
1083 3655 1154 3723 quo
1185 3652 1242 3695 nou

161 3745 364 3837 significatur
386 3749 444 3820 uui,
467 3743 528 3810 scd
555 3744 627 3835 ipsa
652 3742 754 3836 plena
780 3744 886 3811 forma
909 3743 1001 3811 mihi.
1103 3769 1135 3813 Ρ.
1162 3746 1241 3812 Hem

161 3874 237 3924 tuce
266 3862 296 3926 G
396 3861 428 3929 8.
454 3849 633 3929 cuu'Scd
657 3859 688 3924 G
788 3855 900 3946 scobis]
927 3865 1057 3925 nostris
1080 3862 1175 3927 EGA

164 3980 217 4041 11.
246 4001 273 4042 Ρ.
301 3979 408 4046 Beue.
435 3979 579 4042 Factiuu
610 3978 640 4039 G
786 3993 887 4067 atquc
914 3997 981 4066 age
1008 3976 1143 4042 heulini
1166 3999 1238 4067 gru·

157 4095 223 4154 lius
248 4094 283 4156 1³„
312 4111 414 4186 {atquc
440 4118 506 4183 ugc
532 4096 668 4183 grillius
694 4091 826 4157 homiui
850 4093 890 4158 G.
920 4118 986 4183 ugc
1009 4099 1150 4183 gratias
1176 4093 1203 4156 A

204 4227 290 4275 clm.
318 4208 490 4274 *S'uluesG
608 4211 660 4274 19.
697 4208 780 4273 misci
805 4211 964 4297 agissime
991 4209 1062 4272 EG.
1086 4212 1234 4298 agissiuu

154 4322 183 4384 Α
316 4325 368 4390 13.
396 4322 487 4414 quod
511 4323 593 4389 milei
620 4328 803 4390 comminus·
831 4326 889 4390 EG
1017 4321 1131 4411 abste]
1161 4350 1182 4388 u
1206 4338 1232 4383 te
