2872 4942
173 302 220 372 30
425 327 446 373 t.
472 328 515 370 ne
542 326 657 371 actvm
682 326 808 371 rorata
836 328 1028 373 nonianus.

173 519 262 570 turn.
289 502 332 582 ll,
357 500 410 569 14.
463 507 659 595 Quanquam
685 504 821 569 luerunt
847 506 905 596 qui
932 529 1000 569 non
1028 496 1102 573 esse
1122 504 1281 573 Suesia:

173 644 289 684 verum
315 642 441 685 nomen
467 618 648 685 crederent
685 618 763 705 (nee
791 620 879 685 onim
906 618 1065 687 Suetium
1088 623 1281 715 quisquam

173 736 265 800 novit
289 752 426 826 praeter
451 731 687 818 Macrobium),
726 733 787 800 sed
814 732 857 801 de
883 735 1043 803 Saevio
1070 738 1183 829 potius
1210 739 1275 805 illo

173 850 340 917 Nicanore
363 850 548 942 cogitarent
566 846 617 932 *)‚
653 874 752 941 quom
780 850 958 916 Suetonius
985 849 1029 917 de
1052 850 1103 919 ill.
1129 878 1274 947 gramm.

175 993 205 1034 o.
230 968 252 1035 5
278 964 361 1033 dicit
384 982 519 1057 praeter
544 964 803 1031 commentarios
829 967 960 1030 satiram
980 990 1117 1060 quoquc
1136 968 1271 1050 facist,

175 1111 193 1151 e
230 1107 295 1175 qua
331 1080 415 1147 duos
448 1078 542 1145 affert
579 1103 692 1145 versus
719 1079 937 1145 hexametros.
978 1075 1031 1193 Εὖ
1055 1106 1096 1149 ex
1121 1083 1267 1177 antiquis

174 1201 236 1266 fuit
260 1222 337 1263 sane
364 1197 517 1263 Saenius:
544 1211 720 1286 praeterea
749 1197 799 1259 vir
822 1194 927 1284 longe
952 1194 1169 1261 doctissimus
1192 1200 1265 1265 Ma·

174 1319 289 1386 crobio
317 1338 393 1379 suus
420 1309 478 1376 ille
508 1309 648 1375 Suevius
675 1308 806 1388 dicitur,
842 1310 968 1402 quique
995 1312 1065 1377 eius
1090 1302 1207 1378 versus
1231 1313 1263 1377 in

172 1429 435 1501 saturnaliorum
459 1423 555 1489 libris
583 1442 704 1504 extant,
729 1420 914 1489 hexametri
940 1443 1016 1490 sunt
1031 1448 1159 1492 omnes.
1194 1406 1262 1499 Re

170 1566 282 1615 tamen
307 1540 397 1608 iisd
423 1542 553 1606 satiram
581 1556 722 1630 possunt
744 1555 911 1628 spectare3
946 1537 1132 1605 afferuntur
1167 1542 1261 1617 enim,

172 1663 231 1756 qui
263 1676 340 1726 sunt
376 1657 412 1723 in
446 1656 512 1722 Sat.
538 1655 596 1734 vl,
624 1658 638 1719 l
667 1669 700 1717 et
722 1653 755 1728 5,
789 1676 807 1717 e
833 1650 918 1717 libro
944 1658 1083 1747 quinto:
1119 1678 1191 1723 non
1216 1673 1261 1725 est

172 1796 283 1844 autem
309 1768 471 1840 credibile
499 1766 650 1859 pluribus
673 1765 769 1831 libris
792 1792 890 1831 uuam
917 1769 1048 1833 satiram
1067 1770 1260 1850 constitisse,

172 1917 239 1959 nec
265 1888 397 1956 satiras
424 1884 551 1973 Saeuio,
573 1880 633 1947 sed
660 1882 791 1947 satiram
817 1881 932 1947 tribuit
953 1883 1148 1951 Suetonius.
1200 1886 1259 1971 Qui

154 2031 247 2077 ,cum
272 2003 365 2069 illum
390 2001 434 2065 ait
456 2015 596 2090 praeter
618 2000 880 2061 concursatorias
892 2001 1038 2062 satiram
1051 2022 1188 2093 quoque
1198 2004 1258 2089 s*

171 2127 281 2195 cisse,
317 2115 408 2183 haud
443 2115 585 2180 obscure
621 2110 706 2176 illud
738 2112 846 2202 ipsum
883 2112 1092 2204 significavit,
1129 2134 1259 2207 praeta

170 2234 423 2327 grammaticum
450 2252 564 2322 genus,
597 2227 632 2290 in
658 2250 725 2317 quo
752 2226 940 2306 habitabat,
970 2225 1084 2294 nibil
1108 2226 1259 2308 Suetium

166 2350 231 2415 nisi
262 2372 360 2413 unam
395 2345 527 2411 satiram
561 2342 746 2433 scripsisse.
798 2342 902 2433 Atqui
942 2366 1026 2435 quos
1049 2342 1117 2409 Sat.
1146 2344 1191 2425 ll,
1220 2342 1258 2413 ll

165 2464 359 2531 Macrobius
384 2479 459 2526 octo
485 2482 598 2524 versus
626 2458 747 2547 posuit,
779 2460 815 2519 in
842 2455 962 2546 idyllia
988 2456 1082 2550 quod
1104 2459 1258 2527 inscribi-

167 2595 224 2642 tur
246 2579 419 2641 Moratum
446 2575 608 2665 repperit.
660 2572 748 2662 Ergo
776 2571 855 2637 hinc
881 2570 1101 2638 dimittendus
1114 2571 1256 2653 saevius,

125 2761 128 2765 ¹
169 2710 202 2755 ct
227 2692 261 2754 in
289 2715 329 2756 eo
355 2685 613 2765 subsistendum,
639 2703 684 2762 ut,
712 2686 739 2751 si
768 2684 870 2751 modo
896 2703 1020 2777 poetae
1038 2710 1166 2754 nomen
1187 2686 1257 2755 eli-

166 2807 306 2872 brorum
336 2803 499 2868 memoria
523 2802 811 2866 Varronianorum
838 2799 1027 2866 eruendum
1050 2804 1103 2885 sit,
1123 2801 1256 2871 Suetius

166 2922 278 3013 potius
305 2917 374 2981 illic
399 2914 503 2980 lateat
537 2940 636 3005 quam
671 2912 724 2980 vel
758 2913 891 2980 Suetius
918 2915 999 3000 (sive
1022 2914 1254 3003 Soecius)-vel

166 3035 296 3101 Satrius
321 3031 404 3116 (sire
432 3026 585 3111 Succius)
611 3028 665 3093 rel
690 3029 835 3094 saevius.

264 3146 375 3212 Aliam
400 3145 487 3208 riam
512 3142 661 3234 Scaliger
695 3144 861 3234 ingressus
900 3165 980 3211 erat.
1032 3147 1255 3238 Proposuerat

164 3261 240 3329 ille:
276 3258 438 3327 Eiusdem
473 3256 516 3321 ab
544 3256 730 3321 iruncline:
768 3258 944 3345 nefrcnde
959 3262 1117 3347 flatiani
1137 3260 1254 3328 Suavi-

165 3390 233 3450 ter,
255 3398 396 3466 quorum
425 3389 605 3463 extremam
632 3396 750 3437 vocem
775 3374 810 3436 in
836 3373 1022 3460 hexametri
1046 3374 1152 3456 initio,
1178 3373 1253 3441 reli·

165 3516 229 3583 qua
263 3491 297 3553 in
328 3489 395 3552 linc
422 3489 544 3578 prioris
585 3487 746 3552 collocata
770 3487 901 3553 voluit'
932 3487 1032 3570 Quod
1060 3507 1101 3554 =ot
1132 3513 1198 3580 per
1221 3511 1252 3553 se

161 3607 309 3697 argutius
337 3621 543 3670 commentus
570 3620 629 3680 est,
656 3619 691 3666 et
713 3619 896 3694 propterea
921 3628 1041 3694 parum
1068 3601 1251 3695 probabili-

161 3737 225 3799 ter,
253 3716 358 3811 quod,
385 3744 449 3810 qua
475 3715 610 3782 taudem
635 3740 750 3780 rerum
778 3715 977 3783 condicione
994 3742 1102 3811 quove
1122 3734 1250 3783 senten-

163 3834 280 3898 tiarum
307 3856 396 3897 nexu
420 3831 456 3895 in
481 3828 666 3895 Annalibus
698 3828 839 3921 quidem
872 3832 933 3895 ista
967 3833 1116 3923 potuerit
1142 3852 1253 3899 com·

160 3943 351 4039 pellatio
377 3943 489 4013 locum
514 3944 686 4023 iuvenire,
717 3944 854 4009 minime
886 3943 1092 4038 intelligitur.
1142 3947 1257 4014 Vnum

214 4214 241 4281 ⁰)
267 4208 498 4263 contrastantum
517 4208 641 4262 Suetonio
658 4206 730 4259 reddi
749 4223 796 4274 pro
814 4209 907 4260 Saeuis
927 4208 1034 4261 Vinctos
1048 4218 1075 4261 et
1088 4207 1277 4293 pausatum*

265 4296 402 4347 iusserunt.
