2872 4942
198 364 270 434 372
588 382 629 426 vt.
654 384 694 426 ne
722 382 902 427 veranum

194 586 268 640 nus,
296 559 428 626 duobus
454 556 573 623 sociari
595 557 829 624 iureconsultis
855 556 952 624 facile
979 555 1119 624 credat?
1156 558 1198 625 Et
1220 557 1287 642 hoe

192 695 231 745 ut
251 676 373 754 detur,
396 674 470 766 quis
496 672 610 740 medio
636 673 712 740 loeo
738 676 828 740 inter
852 674 914 741 bos
936 675 1173 767 interpositum
1186 725 1196 755 ,
1219 699 1272 739 nee

193 792 248 860 vel
274 793 493 885 praemissum
520 788 698 857 Scaevolae
732 787 784 855 vel
810 791 906 856 Ateio
939 791 1149 859 subiectum?
1195 791 1271 881 Ergo

194 933 269 975 eum
295 925 363 973 tres
389 906 518 998 requiri
545 904 791 972 iureconsultus
805 923 975 998 appareat,
997 923 1123 973 tamen·
1139 907 1272 973 neede-

191 1023 313 1090 liorum
336 1025 481 1090 lotorum
507 1021 565 1087 ulli
592 1024 630 1087 L.
653 1045 861 1113 praenomen
886 1023 956 1103 fuit,
981 1047 1047 1089 nee
1059 1022 1192 1089 Laelius
1216 1023 1272 1087 bue

191 1140 279 1207 letus
303 1137 447 1233 quadrat
480 1154 703 1229 cognomento
738 1136 845 1217 Felix,
877 1137 920 1203 de
947 1162 1014 1230 quo
1040 1139 1268 1205 lleimbaebius

189 1254 223 1319 in
254 1255 342 1321 Aelii
375 1252 466 1318 Galli
498 1250 613 1344 fragm.
650 1279 684 1344 p.
711 1250 760 1321 44
798 1254 981 1345 cogitabat:
1023 1254 1156 1347 quippe
1182 1278 1268 1348 quem

187 1369 348 1436 Hadriani
373 1371 468 1434 aetati
505 1388 583 1460 post
607 1370 805 1457 blaiansium
831 1371 961 1463 Fragm.
995 1371 1094 1435 XXX
1132 1371 1267 1438 lotorum

184 1487 249 1557 vol.
276 1487 318 1564 Il,
341 1513 374 1577 p.
402 1487 473 1552 ‘208
501 1504 533 1551 et
558 1485 716 1552 Baebium
743 1474 828 1554 liist.
854 1487 989 1579 iurispr.
1024 1489 1119 1554 Rom.
1147 1477 1183 1580 p'.
1203 1482 1265 1556 418

185 1603 238 1672 ed.
252 1605 311 1670 Vl.
338 1619 431 1668 reete
456 1601 621 1668 Heusdius
647 1603 810 1668 tribuerit.
866 1580 939 1668 llue
959 1600 1102 1683 aceedit,
1119 1623 1263 1695 quaeres

182 1741 250 1785 non
276 1718 430 1811 proiecto
459 1719 612 1810 exiguam
636 1720 700 1782 vim
729 1718 839 1794 habet,
868 1716 961 1810 quod
987 1719 1022 1783 in
1044 1718 1151 1809 ipsius
1176 1714 1261 1784 Plinii

181 1850 353 1899 auctorum
378 1830 526 1898 elenchis
553 1830 634 1898 XlV
661 1850 693 1897 et
718 1833 782 1898 XV
807 1829 895 1899 libro
920 1833 1111 1925 praemissis
1139 1832 1187 1924 (p.
1211 1826 1258 1897 54.

181 1947 230 2018 56
255 1939 348 2035 Sill.)
374 1948 425 2012 bis
453 1948 642 2038 reperimus
667 1945 885 2027 Scaevolam,
910 1946 1112 2023 Aelium,
1136 1943 1258 2014 Ateium

181 2064 397 2154 Capitonem,
424 2063 488 2128 hoe
518 2062 659 2154 quidem
686 2062 818 2143 ordine,
845 2064 972 2155 positos
1000 2064 1073 2129 sine
1096 2060 1165 2128 ulla
1182 2057 1258 2155 quod

177 2181 278 2246 seiam
303 2179 467 2245 librorum
496 2178 730 2269 discrepantia.
780 2178 926 2261 Quodsi,
958 2204 1058 2271 quem
1095 2203 1136 2243 ex
1171 2176 1256 2245 Aeliis

177 2297 255 2362 letis
281 2295 408 2360 Plinius
436 2294 565 2374 dixerit,
590 2297 734 2386 quaeris,
760 2294 858 2360 saeile
883 2293 1082 2388 intelligitur
1099 2291 1255 2361 hincalia-

174 2436 236 2478 nos
266 2435 338 2477 esse
365 2413 483 2475 Paetus
500 2410 610 2486 Catus,
636 2409 791 2474 Publium
818 2427 851 2476 et
871 2409 1020 2489 Sextum,
1045 2409 1152 2500 ipsius
1164 2405 1254 2474 Plauti

176 2527 354 2621 aequales,
388 2514 490 2592 immo
518 2524 644 2618 aliquot
677 2544 753 2593 ante
789 2526 911 2591 editam
941 2523 1146 2614 Pseudolum
1178 2523 1254 2591 annis

175 2641 339 2711 consules.
375 2640 444 2707 Sed
465 2639 642 2732 praeclare
669 2643 733 2707 hue
756 2640 902 2707 Aelius
928 2639 1079 2706 Gallus
1105 2637 1252 2716 convenit,

98 2831 102 2837 ,
172 2760 261 2826 Ateii
291 2758 464 2848 Capitonis
487 2759 635 2848 Augusto
667 2759 855 2848 imperante
879 2754 1045 2849 aequalis:
1083 2757 1136 2821 eui
1167 2776 1251 2848 prae·

172 2899 299 2940 nomen
315 2873 413 2937 luisse
432 2873 532 2938 Caio
561 2874 678 2963 optimi
698 2872 774 2936 libri
790 2871 935 2938 Gelliani
949 2872 1150 2953 docuerunt,
1171 2871 1250 2936 Noet

172 2993 238 3055 Au.
267 2988 357 3066 XVI,
386 2989 407 3052 5
436 2987 573 3053 Caelius
600 2986 722 3054 Gallus
751 2989 949 3054 exhibentes
975 2986 1015 3072 *).
1034 2989 1130 3055 'Huic
1158 3005 1250 3055 auten

175 3122 209 3170 et
240 3104 338 3169 Ateio
373 3120 421 3167 sat
454 3103 631 3170 commode
665 3106 795 3171 Mucius
833 3104 995 3171 Scaevola
1029 3107 1249 3197 praemittitur,

173 3245 240 3285 non
281 3218 340 3283 ille
377 3236 412 3283 ut
451 3236 531 3309 puto
556 3220 692 3285 Publius
719 3225 753 3286 P.
781 3223 817 3290 F.
847 3224 885 3303 Q.
913 3223 954 3289 N.
984 3222 1101 3288 consul
1127 3249 1157 3289 a.
1181 3220 1249 3294 620,

172 3359 239 3400 nec
264 3335 404 3416 Quintus
432 3337 472 3416 Q.
500 3337 535 3399 F.
564 3337 603 3416 Q.
632 3339 670 3400 N.
699 3335 813 3402 consul
841 3362 870 3403 a.
897 3335 985 3415 636,
1019 3337 1082 3404 sed
1114 3339 1178 3403 nisi
1201 3331 1250 3401 fal-

172 3450 225 3516 lor
251 3451 391 3533 Quintus
415 3452 524 3540 potius
552 3453 586 3514 P.
613 3452 649 3515 F.
677 3454 717 3534 Q.
744 3455 782 3518 N.
811 3452 926 3519 consul
952 3481 978 3518 a.
1004 3452 1088 3533 658,
1115 3471 1249 3520 mortuus

173 3594 200 3632 a.
222 3567 304 3635 670.
356 3565 398 3628 Et
434 3563 522 3630 Aelii
558 3566 696 3658 quidem
733 3566 822 3633 Galli
857 3570 891 3632 in
928 3570 1088 3661 promptu
1115 3586 1190 3636 sunt
1216 3562 1250 3629 de

171 3681 432 3775 significatione
460 3679 636 3747 verborum
660 3684 757 3764 libri,
789 3687 908 3778 quibus
942 3711 1018 3752 usus
1053 3687 1095 3753 sit
1126 3684 1246 3750 Plinius

225 3979 250 4044 Ἰ)
280 3977 358 4028 llirae
375 3984 434 4026 sunt
451 3975 565 4053 Muiansii
585 3994 610 4044 p.
629 3978 663 4030 48
682 3978 863 4044 dubitationes,
883 3990 909 4032 et
925 3983 955 4033 L.
977 3982 1079 4034 Aelium
1096 3982 1177 4033 Plinio
1195 3982 1243 4028 uult

273 4062 414 4112 Heusdium
433 4062 585 4127 tribuentis,
616 4073 642 4115 et
665 4082 721 4115 eum
742 4067 799 4132 ipso
820 4067 893 4118 Gallo
911 4067 1036 4119 Stilonem
1060 4065 1203 4127 miscentis,
1223 4055 1242 4108 il

272 4149 340 4214 quod
364 4149 421 4199 aliis
450 4166 553 4217 quoque
572 4150 687 4216 plurimis
708 4155 834 4205 accidisse
853 4165 966 4206 constat:
996 4155 1024 4205 cl
1053 4154 1199 4208 Muellerum
1220 4147 1239 4195 in

271 4236 341 4286 Vari.
360 4239 390 4300 V,
405 4237 445 4287 18.
459 4240 501 4301 25,
521 4238 672 4290 lllurltelium
691 4241 792 4310 Proleg.
812 4244 837 4293 in
858 4244 932 4296 Ovid.
955 4242 1023 4294 Fust.
1044 4259 1068 4309 p.
1084 4242 1140 4293 ΟΝ
1154 4253 1238 4306 sqq·-

271 4321 373 4373 Sextum
394 4324 497 4420 Aelium
525 4327 641 4378 aPlinio
664 4328 713 4379 dici
733 4330 876 4382 liarduinus
905 4331 1011 4398 putabat
1035 4326 1064 4382 in·
1087 4328 1172 4380 lodice
1197 4335 1236 4372 au-

268 4414 377 4466 olorum.
