2872 4942
335 409 353 450 t.
382 406 424 449 ue
451 406 567 450 rrtvrt
596 406 723 450 rosere
747 404 939 451 sommare.
1139 385 1185 453 :tt

180 567 235 664 [—
264 558 387 626 -iu-
425 575 511 635 Piotos
532 576 681 667 appellant]
708 575 828 647 Vmbri
883 575 1025 669 pedihus
1073 579 1188 670 planis

180 684 276 780 [naus-1
301 699 363 752 hine
379 678 627 756 aoteasdimtdiam
647 697 705 773 qut]
713 690 778 765 ,bus
800 707 944 757 utuntur
969 695 1005 756 iu
1028 690 1190 757 uenando

178 803 241 895 [quo
275 811 379 881 planitas
418 811 510 880 pedem
549 820 664 880 ponent,
699 792 836 894 io]eant
901 805 1092 897 semiplotia
1157 823 1191 870 et

176 914 197 1013 [
188 957 419 982 ......
464 926 533 978 unte
563 933 591 979 at
619 910 744 1008 Acci]us
790 937 904 1012 poeto,
944 925 1037 1021 quia
1066 899 1194 991 Vmber
1252 954 1254 963 ’

179 1024 342 1107 Sarsinas
389 1053 478 1113 erut,
530 1063 553 1103 a
601 1038 726 1132 pedum
769 1043 915 1134 planitie
966 1049 1066 1113 initio
1112 1047 1193 1115 Plo-

180 1165 252 1230 tus,
290 1168 413 1247 postea
447 1152 592 1221 Plautus
632 1172 769 1248 coeptus
809 1174 861 1224 est
889 1157 967 1226 dict.
1004 1193 1050 1209 -
1078 1194 1125 1211 -—
1147 1194 1196 1212 -

141 1263 209 1349 itta
231 1266 266 1331 iu
289 1265 408 1331 lacuna
435 1291 509 1332 esse
534 1268 642 1358 ipsum
658 1293 781 1337 nomen
800 1289 937 1366 poetae:
964 1230 1099 1364 quando
1116 1299 1196 1366 pro-

142 1380 250 1447 rbilius
276 1404 357 1447 sune
379 1382 524 1447 nominis
562 1384 685 1449 exitum
708 1409 747 1449 us
773 1385 934 1478 syllabam
960 1387 1198 1480 interpretabi-

144 1515 181 1560 ur
211 1515 313 1589 quam
350 1494 394 1561 de
418 1490 596 1582 [comicus
629 1521 711 1568 voce
735 1500 976 1592 cogitabimus„
1015 1502 1196 1595 Vtcunque

142 1626 216 1677 item
250 1608 295 1676 de
329 1635 365 1675 ea
400 1608 527 1704 sylluba
554 1629 697 1694 statues,
730 1633 857 1681 tautum
895 1615 1056 1684 contendi
1082 1615 1199 1710 quovis

144 1748 251 1818 gnore
279 1740 401 1816 potest,
428 1748 496 1790 uon
521 1720 712 1817 repperisse
738 1727 877 1794 Paulum
904 1733 938 1796 iu
964 1756 1023 1798 suo
1046 1729 1199 1823 exemplo

142 1837 199 1902 uio
221 1853 257 1903 et
281 1833 611 1931 Accius'scriptum,
647 1858 798 1910 autnon
830 1844 874 1908 ita
906 1846 1042 1910 Festum
1084 1845 1202 1911 saltem

143 1952 291 2045 ripsisse.
344 1948 483 2018 Certum
515 1954 551 2018 iu
586 1972 746 2049 promptu
772 1974 821 2022 est
845 1979 1091 2050 argumentum:
1133 1983 1203 2025 nou

143 2068 218 2137 >tuit
244 2070 316 2136 sine
342 2067 560 2161 praenomine
585 2069 708 2138 Accius
735 2068 854 2165 aliquis
880 2093 981 2165 poeta
1001 2074 1079 2154 dici,
1100 2100 1204 2166 quem

143 2182 251 2253 uidem
275 2179 422 2276 scriptor
445 2183 548 2251 vellet
568 2184 669 2250 alium
696 2205 795 2278 atque
822 2186 1084 2254 celeberrimum
1111 2187 1207 2253 illum

143 2353 148 2368 .
183 2300 327 2389 Aecium
370 2298 521 2391 intelligi.
582 2300 672 2393 Ergo
712 2300 930 2368 scribendum
971 2302 1078 2368 fueret
1112 2319 1206 2367 certe

143 2409 331 2489 iAreiuss
359 2412 451 2506 quod
478 2415 506 2478 si
533 2413 634 2482 modo
661 2418 824 2508 scriptum
857 2419 1049 2510 reppererit
1074 2413 1209 2494 Paulus,

143 2528 198 2598 uid
234 2525 368 2597 taudem
404 2527 566 2621 impediat
604 2532 783 2622 quominus
820 2554 880 2598 nos
917 2555 984 2597 uon
1025 2528 1111 2610 duo,
1146 2528 1209 2595 sed

143 2669 225 2713 num
249 2637 406 2719 Maccius
433 2668 558 2713 nomeu
579 2647 851 2737 interpretemur,
878 2642 974 2711 illum
999 2665 1107 2712 eutem
1134 2671 1209 2712 ore-

144 2766 241 2827 emu's
265 2756 500 2853 praetermisso
529 2762 748 2852 praenomine
774 2758 881 2827 solum
911 2784 1060 2828 servasse
1086 2759 1211 2852 gentile

143 2876 268 2944 omen?
303 2875 419 2968 ltaque
445 2898 489 2941 ne
514 2873 607 2941 Pauli
631 2873 769 2969 quidem
798 2876 985 2942 testimonio
1010 2875 1129 2943 licebit
1146 2892 1214 2940 tru-

144 2988 228 3057 ttiein
255 2989 378 3057 comici
401 3007 522 3082 poetae
548 2990 683 3057 nomina
706 2990 813 3056 tutari.
848 2990 1007 3062 Ceterum
1029 2988 1121 3055 haud
1143 2990 1213 3055 scio

144 3129 160 3169 r
192 3116 267 3173 bon
302 3105 379 3171 satis
412 3121 542 3171 constet
576 3103 619 3170 de
644 3107 716 3196 ipsa
743 3081 1096 3196 librurumflscripture
1121 3100 1215 3170 Pauli

144 3216 279 3287 ieeoni:
304 3188 383 3284 mim
410 3244 485 3286 eum
509 3217 600 3311 apucl
625 3217 892 3285 Lindemannum
917 3217 998 3286 nibil
1016 3217 1216 3311 discrepan-

145 3359 186 3401 ae
205 3340 429 3412 ‘memoretur
455 3335 681 3426 antiquiorum
707 3349 817 3398 tumen
843 3330 1027 3398 editionum
1049 3348 1216 3428 quotquot

144 3449 255 3540 repexi
283 3471 351 3513 nou
371 3446 501 3525 ¹Acrius
526 3445 589 3514 sed
613 3443 734 3513 Attius
758 3448 939 3539 praebente
980 3443 1081 3513 Atius
1106 3462 1216 3528 autem

144 3559 278 3628 attidem
300 3563 435 3654 Pighius
462 3561 558 3628 effert
590 3559 709 3627 Annei.
735 3561 766 3639 l,
796 3586 830 3653 p.
858 3558 939 3647 450.
992 3563 1065 3644 Quo
1105 3578 1219 3626 autem

144 3676 226 3766 ragis
268 3694 304 3742 et
337 3674 553 3743 librariorum
584 3699 646 3740 usu
681 3691 714 3740 et
750 3675 980 3766 proximorum
1008 3670 1232 3740 saeculorum-

145 3788 369 3857 :ousuatudine
393 3786 518 3857 Acrius
540 3814 605 3884 pro
627 3785 744 3856 Attius
771 3789 878 3854 forma
904 3805 936 3853 et
964 3811 1049 3880 quae
1074 3803 1151 3853 suut
1173 3784 1219 3852 si-

145 3897 217 3966 uilia
238 3903 519 3983 increbruerunt,
553 3928 594 3971 eo
628 3927 689 3996 ego
724 3901 945 3969 confidentius
976 3901 1036 3967 istu
1068 3915 1220 3967 veterum

147 4010 308 4083 editionum
336 4019 558 4086 consensione
586 4035 671 4092 utor¹
701 4035 737 4083 ut
761 4018 801 4082 ab
825 4016 898 4108 ipso
917 4017 1015 4082 Festo
1037 4036 1104 4081 nou
1122 4008 1222 4084 Mac·

153 4130 211 4208 tiu,
232 4131 294 4201 sed
319 4131 469 4204 Mattius
506 4134 617 4227 potius
646 4153 717 4199 esse
743 4133 889 4227 positum
918 4130 1115 4200 existimem.
1166 4128 1222 4198 sic

158 4245 223 4312 enin
242 4238 389 4319 laceram
415 4247 505 4317 illius
520 4238 740 4318 'notationem‘
762 4245 975 4342 redintegro:
