2872 4942
518 362 683 407 retnvnm
711 354 933 413 mmmmm
1179 342 1249 413 527

161 535 254 601 eliae
276 534 408 601 formae
433 531 486 603 vel
515 532 715 629 exciderunt
729 532 790 601 -vel
812 532 1019 600 oblitteratae
1042 552 1128 605 sunt.
1150 535 1255 604 Velut

160 653 207 731 ΙΙ,
235 653 269 731 2,
295 651 339 717 12
364 648 451 732 (290
465 646 519 735 Η,)
550 651 578 713 si
601 650 736 714 omnino
760 648 995 742 amplectenda
1022 652 1064 716 sit
1091 652 1254 720 Hermam

160 768 264 835 niani
287 765 371 832 ratio
395 768 552 832 'versuum
579 763 890 857 disponendorum,
917 763 1035 833 saltem
1061 742 1190 843 adiecta
1213 792 1255 834 ea

162 880 288 953 vocula
313 905 472 948 numeros
494 879 686 947 fulciendos
711 900 827 973 putes:

157 1034 165 1065 s
228 1042 231 1047 ·
264 996 457 1067 La'crumas
483 997 569 1063 haec
595 997 694 1077 milii,
731 993 832 1089 quom
871 1021 913 1061 ea
948 996 1065 1072 video,
1100 992 1255 1076 eliciunt,

683 1117 765 1204 qttia
787 1136 852 1202 ego
886 1111 934 1176 ad
954 1108 1017 1178 lto'c
1042 1138 1153 1203 genus
1182 1149 1248 1183 -.

160 1232 227 1301 Ab.
247 1231 321 1323 ipso
350 1230 543 1295 Hermanno
572 1229 735 1294 insertum
762 1231 797 1293 is·
825 1229 1065 1296 nominativum
1098 1230 1171 1337 θῑείιι
1191 1254 1255 1320 per

161 1373 202 1414 se
230 1336 622 1436 rionimprobamusll,
652 1348 682 1424 l,
711 1348 755 1413 15
782 1338 867 1429 (243
893 1339 961 1427 Η.);

201 1494 213 1529 ·,
267 1458 425 1533 Celticum
459 1457 660 1550 indagator.
708 1483 791 1525 nam
820 1458 922 1551 quom
956 1463 1133 1553 quisquam
1158 1459 1255 1527 ama't

685 1597 800 1665 quarn,

273 1693 385 1781 Quam
410 1695 439 1756 is
464 1686 632 1782 e'aetemplo
651 1687 728 1756 scivi
750 1684 891 1780 sagittis
909 1682 1106 1780 perenssust
1133 1714 1160 1756 e.
1175 1718 1207 1783 q.
1225 1716 1250 1758 a.

164 1824 280 1879 tamen
304 1805 435 1898 reliquo
462 1831 537 1871 cum
562 1831 629 1897 per
654 1830 688 1871 se
706 1829 862 1872 veremur
888 1823 924 1870 ut
951 1803 1091 1870 defendi
1113 1809 1253 1898 possint,

164 1940 237 1988 tum
256 1922 304 1987 -ah
332 1920 487 1987 codicum
513 1920 676 1986 memoria
700 1917 866 1987 recedunt
890 1918 1097 2012 longissime.
1135 1921 1175 1987 In
1193 1925 1253 1990 Pa,

165 2038 269 2111 latino
289 2039 387 2103 'enim
409 2039 534 2105 Vetere
562 2054 610 2102 est
633 2060 714 2100 nam
736 2037 803 2128 qn'ci
820 2033 870 2098 ad
893 2032 987 2128 quod
1012 2033 1131 2100 demat
1154 2061 1256 2129 quam

167 2128 359 2246 extemplO,
397 2155 432 2218 in
465 2156 647 2219 Decurtato
675 2157 786 2243 namq'
813 2150 861 2215 ad
885 2149 977 2243 quod
1002 2152 1128 2217 clamat
1153 2176 1254 2246 quam

167 2270 361 2362 extemplo,
398 2271 433 2333 in
459 2269 681 2335 Ambrosiano
708 2285 818 2333 autem
853 2292 935 2331 nam
961 2271 1020 2359 qni
1043 2284 1138 2332 amat
1162 2270 1255 2360 quod
1297 2242 1313 2269 ⁹

165 2402 264 2453 amat
288 2410 389 2479 qnam
412 2384 592 2476 extempl.
657 2385 798 2450 Tentari
835 2383 934 2474 igitur
965 2401 1092 2450 servato
1131 2389 1160 2450 is
1192 2386 1251 2453 illo

164 2505 290 2595 possit:
324 2495 486 2595 namqui
510 2517 625 2575 amat,
651 2524 752 2591 quom
776 2493 907 2564 amicae
927 2503 940 2566 ΙΙ
963 2498 1003 2565 Is
1026 2494 1194 2593 extemplo
1224 2529 1252 2570 e.

141 2646 200 2712 η.
216 2643 242 2683 s.
279 2616 349 2682 Sed
373 2618 513 2709 propius
543 2617 641 2696 etiaut
667 2614 709 2680 ad
734 2614 899 2682 librorum
924 2615 1062 2706 vestigia
1087 2618 1252 2689 accedere

162 2757 269 2824 posse
293 2731 461 2810 videmur,
498 2731 525 2796 si
552 2754 620 2797 non
643 2734 693 2806 is,
728 2727 790 2796 sed
816 2734 887 2795 eins
911 2712 1255 2801 excidisse‘itatueri·
1316 2763 1321 2769 ·

162 2873 251 2928 mus,
279 2847 327 2913 sic
352 2846 503 2941 quidem:

469 2988 550 3027 itam
575 2957 632 3057 qni
656 2978 764 3036 amat,
791 2987 892 3052 quam
916 2964 1022 3046 amdt,
1049 2989 1150 3058 quom

162 3128 170 3157 ,1
269 3081 353 3146 Eius
378 3075 545 3168 certemplo
568 3076 645 3144 scivi
667 3073 809 3168 sagittis
828 3075 1036 3172 perctissost.

158 3196 234 3267 ·Vel
248 3198 385 3265 fortasse
404 3197 501 3263 etiam
517 3199 580 3263 sic:
597 3189 751 3287 namqui
768 3213 876 3282 amat,
891 3222 1004 3290 quom,
1021 3194 1125 3290 qudm
1137 3205 1254 3283 amat!

163 3314 251 3387 Eius
279 3337 307 3378 e.
333 3339 365 3405 q.
392 3337 417 3381 s.
483 3313 644 3379 Ceterum
678 3314 821 3377 certiore
852 3311 977 3379 iudicio
1007 3311 1099 3379 idem
1124 3300 1254 3406 prono·

163 3453 244 3501 men
271 3429 440 3494 reiicimus
468 3425 539 3492 aliis
566 3427 729 3519 exemplis
756 3453 962 3519 perperam,
988 3445 1024 3493 ut
1045 3430 1253 3508 arbitramur,

162 3547 341 3613 intrusum.
404 3549 455 3609 Ac
481 3544 524 3622 ΙΙ,
554 3550 584 3622 1,
611 3547 654 3612 21
686 3542 773 3628 (252
800 3540 856 3627 Η.)
886 3545 1007 3620 omisso
1032 3549 1065 3611 ei
1088 3545 1122 3611 in
1148 3544 1255 3625 libro,-

165 3665 249 3727 rum'
270 3658 337 3725 fide
365 3658 649 3752 acquiescendum
690 3684 761 3725 csse
794 3660 868 3752 ipse
895 3660 1103 3726 Hermannus
1137 3677 1259 3752 posteo

159 3773 332 3843 intellexit
356 3773 465 3840 Elem.
493 3774 599 3841 doctr.
633 3793 728 3841 metr.
751 3800 786 3866 p.
814 3778 896 3848 212.
948 3776 1031 3843 Item
1062 3773 1100 3841 id
1131 3772 1252 3855 delen?

159 3891 249 3969 dum
274 3889 317 3971 Il,
342 3889 376 3971 4,
406 3888 495 3962 194:

172 4082 456 4102 Μ

269 4172 366 4231 mutato
386 4179 493 4231 eandem
514 4178 730 4230 constructionem
747 4177 866 4228 restitui:

314 4302 317 4309 ·
362 4275 433 4338 Qutc
450 4276 506 4326 sine
522 4277 592 4326 omni
607 4273 739 4337 melitium,
760 4273 872 4340 tolerem
890 4280 1025 4340 eyestatem
1042 4277 1067 4323 ei
1084 4271 1151 4324 mlo.
1176 4248 1184 4263 ‚

347 4372 418 4433 fillo
436 4387 465 4423 eo
482 4381 618 4441 egestatem
637 4375 661 4431 ct
676 4368 807 4436 tolerabit,
822 4373 850 4433 ‚sl
866 4369 928 4438 qnid
944 4369 976 4421 al
991 4367 1044 4434 illo,
1056 4370 1211 4463 κομᾷς»,
1239 4422 1244 4435 ,
