2872 4942
185 355 256 428 554
447 390 456 411 ·
496 382 539 424 rx.
589 380 632 424 uc
658 374 978 424 transmissiones

186 551 311 648 gitandi
344 552 504 645 rationem
542 575 622 616 esse.
671 552 821 643 ltaque,
859 551 1018 643 quoniam
1057 549 1095 613 in
1137 547 1276 614 ultimum

185 694 316 737 versum
342 665 503 762 glossema
532 667 711 759 irrepsisse
729 667 970 734 Ambrosianus
996 682 1182 744 monstrat,
1206 664 1278 748 (sive

187 788 281 876 gerit
302 789 369 850 sive
394 799 480 874 agat
505 783 547 849 ab
560 785 748 874 interprete
772 782 961 875 profectum
983 778 1070 865 estt)
1101 778 1196 846 haud
1217 781 1277 846 scio

188 926 229 967 an
256 924 295 966 eo
321 901 396 990 ipso
431 899 630 992 glossemate
665 900 804 990 pristina
831 899 931 964 simul
956 895 1127 990 particula
1156 912 1278 961 extrusa

188 1017 246 1095 sit,
285 1017 320 1080 ia
347 1017 495 1106 margine
527 1031 635 1079 autem
668 1017 810 1106 ascripta
845 1031 960 1106 postea
993 1014 1215 1106 superiorem
1246 1012 1276 1074 in
1315 998 1321 1017 ⁵

188 1155 317 1197 versum
343 1132 506 1196 invaserit.
560 1131 628 1194 Hae
655 1133 756 1219 igitur
780 1154 834 1196 me
861 1154 994 1197 caussae
1022 1144 1222 1206 moverunt,
1248 1143 1277 1191 ut

189 1271 289 1337 supra
325 1245 412 1311 hano
443 1268 556 1310 versus
591 1245 739 1334 speciem
779 1268 1019 1335 proponerem
1040 1261 1077 1308 ut
1116 1268 1135 1306 a
1167 1238 1276 1306 Plauto

486 1346 499 1369 .

193 1361 396 1452 profectam:

162 1467 163 1471 ¹
286 1471 369 1553 Pol,
397 1497 590 1567 quanquam
618 1473 712 1539 donri
734 1468 846 1566 cu'pio,
873 1479 1050 1565 opperiar:
1094 1498 1202 1567 quam
1216 1458 1276 1537 ⁸lu'c

566 1613 636 1654 rem
661 1608 760 1679 agat,
786 1591 886 1655 simul
908 1588 1062 1654 (inimum
1088 1589 1277 1654 advorsum.

190 1708 274 1774 Nam
301 1703 398 1770 simul
427 1704 573 1770 eundem
609 1706 775 1770 hominem
803 1725 836 1771 et
859 1707 1010 1798 opperiri
1039 1704 1131 1771 velle
1162 1725 1196 1771 et
1222 1705 1276 1770 ob-

192 1846 334 1900 servare,
360 1821 395 1886 id
422 1844 503 1886 vero
530 1819 612 1885 nihil
636 1819 689 1886 vel
711 1823 828 1887 absoni
851 1821 956 1887 ltubet·
975 1819 1031 1885 uel
1058 1818 1276 1886 incommodi.

289 1941 342 2005 De
367 1962 457 2004 nexu
482 1955 589 2002 autem
607 1939 846 2003 sententiarum
864 1962 929 2028 per
947 1937 1032 2002 hanc
1055 1961 1193 2002 scenam
1214 1960 1278 2001 sese

195 2057 431 2147 excipientium
461 2080 501 2120 ne
528 2054 610 2146 quid
637 2055 851 2120 dubitationis
879 2053 1109 2145 relinquatur,
1148 2056 1196 2121 sic
1226 2053 1280 2117 ha·

191 2173 284 2238 beto.
335 2169 533 2237 Charmides
562 2174 652 2237 enim
681 2171 831 2236 Praeter
856 2183 986 2235 ceteros
1005 2170 1056 2269 ‘ait
1083 2169 1161 2249 tibi,
1188 2170 1278 2260 Nep-

194 2303 286 2366 tune,
307 2289 443 2376 gratias
460 2308 544 2376 ago,
569 2307 678 2378 quem·
692 2310 768 2359 cum
791 2288 960 2349 communi
983 2282 1163 2348 hominum
1176 2287 1278 2370 famu

194 2426 329 2467 saevum
356 2417 391 2466 et
405 2400 705 2466 immisericordem
727 2405 942 2491 accepissem,
970 2404 1007 2464 in
1030 2423 1084 2463 me
1111 2399 1226 2465 lenem
1249 2411 1279 2461 et

196 2517 381 2607 benignum
408 2520 471 2582 sim
495 2533 664 2608 expertus.
698 2518 745 2582 Et
769 2540 865 2595 sane,
889 2514 1040 2605 nequid
1066 2516 1174 2580 celem
1200 2535 1278 2579 neve

197 2639 359 2701 iniurium
380 2632 444 2699 tibi
458 2637 612 2719 faciam,
640 2657 710 2697 non
730 2628 964 2717 {triturantem
985 2654 1190 2722 acceperam
1206 2635 1276 2696 sim·

194 2750 346 2836 pliciter,
374 2755 514 2814 omnino
538 2766 571 2814 te
597 2765 631 2813 et
655 2754 731 2814 siue
756 2749 823 2814 ullo
849 2747 1045 2813 discrimine
1071 2772 1213 2812 saevum
1231 2722 1278 2810 tis-

196 2828 246 2937 sri,
271 2865 333 2930 sed
358 2882 454 2929 certa
479 2866 555 2955 lege
580 2871 733 2956 iustoque
759 2862 1145 2955 temperamentomodo
1170 2868 1276 2927 mitem

198 2980 297 3044 modo
325 2985 503 3046 immitem:
528 2986 689 3045 immitem
711 2980 883 3055 divitibus,
910 2979 1091 3054 nobilibus,
1115 2977 1273 3070 superbis,

199 3101 315 3160 mitem
336 3097 554 3188 pauperibus,
577 3096 767 3171 humilibus,
792 3096 965 3161 modestis.
1006 3097 1043 3165 V
1046 3111 1061 3159 t
1083 3100 1202 3185 potius
1221 3090 1277 3158 tibi

200 3217 396 3278 constiteris
427 3230 563 3278 tantum
594 3238 646 3278 me
682 3212 816 3303 quidem
842 3229 987 3279 servata.
1047 3205 1167 3300 Atque
1193 3210 1274 3273 liaris

203 3328 334 3418 agendi
359 3332 529 3394 rationem
561 3353 632 3393 non
662 3353 799 3419 possum
832 3332 914 3418 quin
936 3328 1043 3392 solam
1067 3324 1277 3418 probandam

202 3444 513 3536 vereque‘dignam
538 3443 611 3509 deis
638 3444 758 3509 dicam.
788 3445 853 3507 lam
881 3444 920 3507 ab
949 3444 1010 3508 hac
1033 3441 1185 3534 generali
1211 3463 1276 3504 sen-

202 3561 304 3626 tentia
339 3559 380 3624 ad
417 3586 507 3624 suam
540 3585 575 3625 se
609 3560 837 3627 condicionem
864 3536 1278 3636 revocansss'summorum

203 3677 325 3767 quibus
352 3676 514 3741 obnoxius
536 3675 635 3742 fucrit
662 3673 891 3767 periculorum
912 3672 1107 3739 recordatus
1134 3671 1216 3736 illue
1233 3693 1279 3734 re-

204 3791 271 3872 dit,
294 3791 383 3884 quod
413 3793 454 3856 ab
481 3793 574 3856 initio
603 3791 754 3870 dixerat,
782 3790 891 3857 denuo
916 3788 1087 3854 inculcans
1112 3784 1205 3880 quod
1231 3808 1279 3850 sua

205 3909 344 3973 mraxime
377 3909 533 3974 interest:
570 3908 675 3974 Fidus
699 3911 835 3994 fuisti,
866 3906 1009 3998 infidum
1041 3930 1115 3969 esse
1136 3884 1278 3969 “iterant

206 4025 297 4105 Quae
323 4025 349 4088 si
363 4024 475 4115 paullo
496 4024 631 4116 plonius
660 4024 829 4115 explicare
848 4023 997 4088 volumus
1016 4012 1186 4112 ascitaque
1201 4017 1278 4108 cogi·

207 4141 329 4204 tatione
350 4139 518 4230 supplere,
535 4158 588 4204 aut
608 4142 640 4203 in
661 4140 746 4205 hanc
765 4157 893 4229 partem
913 4137 1025 4202 valere
1042 4142 1198 4227 possunt:
1221 4125 1280 4200 Sed

208 4254 292 4319 llaec
317 4272 514 4348 quocunque
542 4255 641 4320 niodo
667 4280 704 4320 se
730 4254 876 4334 habent,
914 4271 1048 4320 tantiam
1075 4269 1205 4318 cerium
1235 4261 1278 4313 est

197 4367 311 4458 fldem
329 4395 380 4434 me
401 4387 495 4436 tuam
508 4387 684 4460 expertum
701 4396 784 4452 esse,
811 4377 903 4436 cuites
919 4369 1103 4461 perfidiam
1124 4380 1277 4460 crepant:
