2872 4942
415 355 664 403 nosnannanian
692 355 884 401 anavriuae.
970 357 976 370 ·
1115 328 1187 405 457

143 547 208 597 tet·
234 547 328 596 antea
363 531 487 595 lecel'ai
519 555 585 596 nec
620 548 735 622 POSlea
774 529 843 597 ullo
874 527 975 595 mOdO
1010 546 1118 596 leuel}
1157 547 1190 595 ΙΙΙ.

141 647 184 714 ‚d
211 647 385 726 convenit,
421 647 657 712 asseverantius
688 648 802 712 iterata
833 645 938 713 altera
973 663 1068 738 parte
1095 646 1188 738 prius

141 781 271 828 :torum
314 759 402 847 (non
435 758 511 844 dat)
548 760 670 826 callide
712 759 881 825 declinare
923 760 1190 852 responsionem.

163 877 217 949 69
239 903 326 970 quae
354 875 545 967 vulgantur:
581 876 708 946 Vrbem
733 876 814 941 exul
837 876 970 969 linquat
983 879 1111 964 factus
1137 875 1192 940 liic
1253 967 1257 979 Ι

141 1018 206 1057 isa
233 996 305 1066 tui,
338 1016 407 1057 non
433 989 548 1057 hercle
574 991 673 1057 latina
700 1008 797 1072 sunt,
820 990 883 1057 sed
908 992 1060 1058 barbara.
1121 992 1192 1058 Nec

141 1135 147 1168 .-
181 1111 217 1174 in
242 1108 368 1174 Vetere
393 1106 511 1174 codice
539 1125 598 1185 est,
624 1107 684 1173 sed
709 1109 819 1199 ipsum
843 1116 909 1200 quo
935 1108 986 1172 usi
1012 1131 1123 1173 sumus
1143 1109 1193 1171 ris

141 1243 179 1290 st
204 1224 366 1292 lacunam.
417 1222 545 1289 Versus
564 1226 610 1292 70
631 1222 905 1316 supplementum
923 1223 1194 1301 Camerarianum

141 1343 216 1427 luoi
240 1355 368 1405 sortem
396 1342 453 1403 vix
477 1338 563 1403 dare
588 1337 736 1422 licebit),
769 1356 805 1405 ut
841 1338 882 1406 de
916 1337 1025 1406 dativo
1057 1337 1116 1405 illo
1142 1354 1193 1403 ta·

141 1481 217 1535 am,
252 1480 321 1529 uon
348 1456 450 1547 magis
474 1473 618 1520 metrum
644 1454 747 1519 habet
769 1479 869 1546 quam
896 1451 989 1547 quod
1014 1454 1123 1519 versui
1145 1457 1195 1526 68

141 1571 259 1637 hibuit
283 1583 345 1662 tan
371 1574 477 1635 mavis
503 1586 541 1635 ut
567 1570 610 1636 al.
637 1567 750 1656 alas.)
773 1572 890 1636 Trium
916 1568 1100 1636 litterarum
1118 1595 1195 1662 spa-

141 1712 186 1752 un
214 1705 306 1754 recte
327 1685 517 1779 explevisse
544 1687 694 1777 reposito
733 1684 949 1777 pollicebitur
973 1686 1075 1752 verbo
1102 1683 1197 1752 vide·
1251 1703 1254 1708 '

141 1824 197 1868 ur:
221 1800 315 1894 quod
341 1803 389 1868 sic
416 1819 581 1866 exaratum
605 1793 787 1892 pollicebif
811 1803 946 1894 peperit
969 1797 1194 1915 Palatinorffla

143 1919 309 2010 ripturam
340 1934 505 1983 sortem..
520 1963 529 1982 .
546 1915 673 1982 licebit:
710 1942 787 1983 naua
813 1933 941 1981 sortem
971 1919 1086 2007 potius
1111 1902 1192 1981 lice-

141 2047 159 2094 t
182 2035 216 2098 in
241 2030 321 2099 solis
346 2051 396 2098 est
420 2032 558 2098 noviciis
582 2031 676 2097 libris
700 2030 917 2123 interpolatis.
968 2032 1040 2099 Nec
1065 2016 1198 2096 (1αεῖΙὶ-

141 2161 166 2226 t,
184 2175 256 2215 nec
282 2147 388 2229 dabit,
412 2174 450 2215 ac
477 2173 519 2212 ue
542 2148 724 2239 pollicetur
750 2145 898 2240 quidem,
924 2145 984 2213 sed
1002 2138 1197 2240 exquisitius

143 2263 208 2330 iam
234 2263 435 2332 levissimum
461 2267 609 2332 omnium
629 2263 856 2355 pollicebitur.

207 2380 262 2447 Ad
288 2382 347 2460 III,
374 2388 408 2462 o,
433 2399 594 2460 revertor,
620 2380 710 2447 unde
736 2379 842 2461 illum,
870 2378 1003 2473 dequo
1031 2404 1197 2473 quaerere

147 2498 327 2577 sumimus,
362 2522 495 2564 versum
528 2497 562 2561 iu
589 2498 647 2576 ΙΙΙ,
678 2502 694 2564 Ι
734 2498 943 2564 Camerarius
972 2495 1196 2564 transtulerat.

142 2639 193 2679 aiu
221 2641 264 2680 ne
290 2613 360 2681 illic
388 2613 524 2707 quidem
552 2611 729 2697 serendum
758 2638 829 2701 csse
857 2638 933 2680 cum
955 2629 1052 2679 antea
1073 2613 1199 2707 signifi·

141 2732 264 2809 ivimus,
291 2749 361 2796 tum
384 2728 487 2796 multo
516 2727 701 2796 evidentius
729 2753 859 2820 eorum,
885 2731 1084 2823 quibuscum
1108 2731 1143 2794 in
1157 2727 1200 2794 li-

141 2849 183 2913 ris
208 2872 285 2914 mss.
313 2848 442 2914 iunctus
469 2865 534 2927 est,
567 2847 712 2912 rationes
738 2840 921 2913 accuratius
948 2871 1113 2940 expensae
1136 2843 1199 2914 do-

141 2982 196 3032 cnt.
249 2966 398 3046 Quorum
424 2965 508 3030 hae-c
534 2981 584 3029 est
608 2988 640 3026 m
666 2961 822 3029 Palatinis
843 2964 1000 3055 species:¹

159 3082 207 3150 30
238 3078 331 3169 Quid
351 3083 428 3169 agis
485 3101 541 3145 rn.
567 3077 738 3143 hominem
768 3094 939 3171 optumum
967 3082 1201 3145 teneouamice

645 3196 747 3280 facis

161 3312 206 3380 31
242 3312 352 3400 Quom
373 3294 429 3376 'me
455 3308 587 3375 laudas.
625 3333 681 3377 rn.
707 3308 806 3376 decet
832 3289 925 3377 certe
959 3333 1007 3381 sl.
1035 3311 1149 3378 liercle
1164 3327 1198 3378 te

653 3425 761 3492 liabeo
789 3427 873 3492 hait·

164 3544 212 3610 32
234 3539 370 3612 Bonum
397 3559 497 3608 teneo
523 3568 658 3609 servom
683 3590 968 3615 .........

238 3660 305 3725 Eia
330 3663 492 3750 mastigia
508 3658 567 3724 ad
590 3684 643 3725 me
665 3658 837 3726 redieram
863 3664 940 3726 istic
971 3683 1030 3726 ero

160 3775 207 3842 33
238 3775 332 3865 Quid
355 3801 447 3842 riunc
469 3800 569 3869 quam
595 3801 684 3842 mox.
710 3798 814 3844 sina.
841 3775 925 3869 qztid
947 3792 1010 3844 cst.
1038 3799 1094 3843 fn.
1109 3775 1203 3868 qitod
1226 3837 1228 3841 ,

652 3890 850 3980 soletfleri.

162 4005 1200 4100 34s1.Dic..................quiclidest

140 4126 176 4190 isi
204 4122 297 4218 quod
322 4125 357 4188 in
389 4125 569 4190 Decurtato
606 4141 654 4188 est
685 4121 851 4188 malaudis
885 4147 947 4215 pro
980 4147 1032 4188 me
1066 4121 1201 4198 laudas,
1280 4196 1284 4203 ¹

141 4241 229 4306 {tiam
254 4243 384 4330 astigia
410 4239 531 4305 adme
557 4237 651 4304 redie
676 4263 732 4303 am
754 4265 782 4306 v.
810 4257 951 4332 quarto,
988 4257 1022 4306 et
1041 4239 1111 4306 Hic
1137 4264 1200 4331 pro

141 4358 189 4426 lic.
241 4357 358 4426 Statim
390 4374 532 4452 apparet
562 4356 693 4425 horum*
712 4356 845 4426 tertium
872 4380 1027 4426 versuum
1052 4354 1204 4425 mutilum
