2872 4942
421 364 669 412 nosrrtttnrar
696 363 889 411 attvrrnar.
1119 342 1192 416 443

678 476 700 513 1

143 540 261 606 taniam
289 563 357 606 non
384 545 498 633 'potest
525 562 592 605 non
614 538 697 605 elam
714 537 861 605 facturus
889 562 971 620 esse,
998 540 1040 606 ita
1055 539 1192 632 quidem
1282 608 1289 615 ,

174 654 390 747 Theuropidi
422 655 576 721 rideatur
608 679 663 719 rus
697 655 808 745 potiris
843 673 964 746 petere
997 655 1191 745 arcessendi

143 771 162 835 ii
187 796 320 838 caussa:
347 772 381 836 in
406 767 603 838 contrariam
620 768 864 861 Theuropidiis
892 768 1032 835 aedibus
1059 789 1191 863 partem

143 905 239 953 ›ortet
262 889 326 953 iter
352 887 523 965 deflectat,
550 885 639 952 unde
666 910 731 977 per
757 888 885 952 viarum
911 887 1066 979 ambages
1090 913 1190 980 quas-
1258 964 1261 973 ¹

147 1029 178 1067 m
208 1001 251 1069 ad
277 1005 445 1094 posticum
469 1002 600 1068 aedium
623 1001 753 1067 illarum
777 1027 971 1068 reversurus
997 1003 1047 1072 sit.
1100 1006 1188 1071 Esto.

143 1144 230 1184 erum
255 1144 298 1184 ne
327 1119 442 1185 oculos
469 1118 606 1211 quidem
633 1116 920 1183 discedentem'in
949 1143 1020 1183 eam
1047 1117 1188 1185 domum

143 1236 289 1314 niicere,
322 1234 414 1300 unde
443 1251 567 1300 tanturn
597 1251 728 1325 tamque
754 1258 914 1323 praesens
942 1235 974 1300 ei
999 1233 1188 1326 periculum

147 1354 292 1432 mineat,
330 1350 365 1416 id
391 1351 543 1443 prolecto
579 1351 717 1414 nimium
751 1349 853 1416 fuerit
888 1375 954 1416 nec
988 1348 1056 1416 ullo
1083 1350 1185 1418 modo

143 1466 278 1546 edibile,
301 1469 496 1559 praesertim
526 1492 599 1532 curn
624 1463 667 1530 ad
693 1464 780 1530 illius
808 1463 931 1532 domus.
953 1467 1211 1557 cogitationem·

143 1600 208 1649 rnet
231 1585 304 1673 ipse
331 1583 382 1648 his
409 1583 520 1660 verbis
547 1598 706 1648 revocet:

204 1699 328 1764 Dicam
353 1714 389 1763 nt
415 1698 470 1764 ltt‘c
496 1723 557 1788 res.
574 1701 646 1762 sint
666 1700 804 1800 quietae
828 1713 930 1788 atque
952 1697 1042 1764 lanne
1056 1714 1093 1763 nt
1108 1697 1189 1764 dinc

696 1810 942 1896 amaverim.*)

143 1941 190 2020 ·go
218 1924 297 1993 illuc
335 1946 467 2018 spectet
492 1952 631 1993 necesse
666 1946 716 1994 cst
742 1946 774 1994 et
804 1927 888 1992 nihil
918 1945 1028 1994 tamen
1053 1929 1188 2019 conspi-

143 2061 175 2109 tt.
230 2042 257 2106 E
284 2067 351 2134 quo
381 2067 595 2135 consequens
624 2061 674 2110 est
699 2062 837 2111 utnunc
862 2042 995 2122 lateant,
1022 2045 1079 2136 qui
1094 2062 1188 2108 antea

144 2176 176 2223 te
203 2157 292 2223 sores
316 2161 480 2225 steterint:
516 2162 651 2252 quossi
680 2162 910 2252 conspexisset
935 2163 1080 2238 Tranio,
1108 2159 1188 2226 ilico

143 2307 144 2332 ι
172 2299 209 2339 se
240 2290 350 2339 actum
388 2301 461 2340 esse
489 2300 690 2368 omnemque
723 2274 873 2344 fraudem
901 2277 1187 2341 suam·etiamtum

144 2392 270 2455 aesenti
292 2390 505 2482 Tlteuropidi
517 2393 720 2484 patefactum
733 2392 773 2456 iri
786 2390 1016 2458 intellexisset.
1046 2389 1187 2474 Quodsi,

143 2530 168 2572 to
197 2531 232 2571 se
258 2505 463 2588 abdiderint,
490 2509 632 2600 quaeris,
657 2532 725 2574 non
743 2526 793 2575 est
816 2505 949 2573 difficile
964 2506 1186 2599 respondere.

144 2622 239 2712 rippe
275 2646 362 2713 pone
398 2621 600 2688 vestibulum
636 2623 771 2689 aedium
807 2621 1115 2714 Theuropidiarum
1152 2647 1187 2687 sc

143 2756 314 2828 ceperant,
342 2755 374 2802 et
396 2752 483 2828 pone
511 2765 587 2804 enm
607 2737 745 2830 quidem
762 2740 925 2832 parietem
938 2737 1102 2818 vestibuli,
1129 2739 1188 2830 qui

143 2851 300 2919 Simoniis
327 2850 467 2919 aedibus
490 2851 651 2922 iemotior
672 2872 767 2920 esset.
804 2854 978 2942 Frequens
1005 2857 1186 2920 enimcum

143 3053 367 3061 ——-—-.„

158 3151 185 3219 a,
203 3149 280 3201 Nulla
299 3150 366 3202 Maio
386 3150 450 3202 fides
469 3151 595 3217 habenda,
613 3152 691 3221 quiin
709 3151 980 3204 Ambrosianocodicc
997 3152 1037 3204 sic
1057 3149 1188 3220 legihunc

204 3261 307 3298 versum
328 3246 479 3313 perhibeat:

240 3341 336 3392 Dicam
353 3351 381 3393 ut
400 3342 462 3393 hinc
478 3360 521 3394 res
541 3351 577 3394 est
595 3360 688 3410 quaeso
707 3348 797 3413 or(ma
813 3346 893 3414 ferte)
913 3360 1017 3396 manum
1033 3345 1117 3414 pareri.

202 3435 301 3487 Nostris
320 3437 402 3488 oculis
420 3437 484 3488 nihil
501 3439 551 3489 nisi
569 3438 635 3490 haec
660 3446 850 3506 apparuerunt:

239 3533 333 3584 Dicam
353 3534 522 3586 utlincres
543 3537 676 3602 sictone
697 3575 704 3592 .
725 3571 748 3587 ..
770 3571 925 3592 .......
947 3573 953 3588 .
1049 3537 1190 3587 ..moueri

201 3636 230 3680 ut
247 3628 282 3680 de·
301 3645 332 3680 eo
351 3638 421 3680 certe
442 3646 493 3681 non
512 3632 546 3682 sit
566 3615 740 3695 dubitandam,
762 3632 823 3700 quin
840 3608 979 3684 amaverim
996 3633 1116 3698 scripturn
1128 3632 1187 3682 iue-

202 3725 235 3774 rit
255 3725 280 3774 in
300 3725 351 3775 fine
371 3741 470 3777 versus.
507 3725 563 3789 Quo
584 3728 610 3776 in
629 3727 687 3778 loco
705 3727 842 3794 aliquoties
864 3726 910 3778 ille
929 3712 1028 3777 liberi
1045 3726 1120 3776 habet
1140 3741 1188 3791 pro

203 3820 239 3870 Ill
258 3828 284 3870 et
302 3837 368 3887 quae
386 3822 411 3871 id
434 3837 516 3888 genus
535 3822 586 3872 alia
607 3831 675 3874 sunt.
712 3823 767 3874 Nec
784 3824 920 3890 quicquam
940 3823 1054 3888 ineptius
1073 3822 1188 3872 verbiaa

179 3948 182 3954 ·
202 3915 269 3965 Maio
288 3918 387 3982 positia.
426 3918 510 3968 Vnum
532 3919 549 3970 S
567 3917 639 3983 illud,
657 3919 725 3985 quod
747 3926 786 3970 est
805 3927 863 3984 post
881 3917 940 3981 Qtt.
956 3955 980 3981 .‚
1001 3916 1095 3968 haereo
1112 3933 1188 3984 quam

202 4013 228 4061 in
247 4021 344 4077 partem
365 4014 526 4080 interpreter.
571 4014 644 4077 Quod
673 4014 715 4064 ubi
740 4016 844 4066 missum
862 4013 973 4077 leceris,
1000 4016 1026 4064 in
1046 4014 1188 4066 litterarum

199 4110 280 4175 spatia
301 4125 329 4158 ca
352 4110 418 4176 qnae
437 4109 556 4178 vulgatur
578 4113 704 4176 scriptura
721 4111 837 4178 apprimo
855 4111 984 4161 convenit.
1004 4142 1036 4150 -
1067 4112 1187 4162 Ceterum

202 4221 258 4255 cum
277 4206 302 4255 in
323 4207 424 4272 stniptis
445 4205 516 4255 libris
537 4207 569 4255 sit
589 4214 664 4272 atque
676 4215 704 4257 ut
721 4206 790 4257 hunc
807 4206 869 4257 tina
886 4206 1032 4269 amaverim,
1051 4207 1147 4273 poteris
1165 4207 1187 4257 ai

200 4299 281 4350 nieles
303 4301 335 4351 dc
354 4301 441 4368 elapsa
463 4301 564 4367 syllaba
584 4304 717 4368 cogitare:
737 4310 812 4369 atque
829 4311 856 4354 ut
873 4319 887 4353 e
896 4319 935 4370 9⁰
953 4301 1022 4352 litmc
1040 4303 1101 4353 irinc
1114 4319 1187 4353 atno-

199 4409 287 4444 nertm.
311 4433 312 4437 ,

252 4626 265 4655 ὁ
