2872 4942
191 330 260 404 564
504 357 548 398 rx.
599 357 641 398 nn
670 351 960 399 tarenaotrrtomt

291 525 404 601 Vide,
440 530 472 591 si
493 522 557 592 be'c
583 525 700 593 utibr‘le
725 523 837 617 ma'gt's
871 541 974 616 atque
1004 528 1046 590 in
1081 549 1162 592 rem
1185 523 1275 621 de'pu-

779 659 833 707 tas
841 691 855 717 ‚

292 758 339 826 Vt
364 755 488 822 a'deam
506 753 745 832 Lesbonicum,
771 755 933 822 edoceam
959 773 998 823 ut
1025 750 1085 822 rc's
1112 782 1152 823 se
1178 756 1278 823 habet.

193 897 249 964 Sic
278 897 366 962 enim
394 912 444 962 est
469 897 503 961 in
529 894 695 962 Palatinis.
755 895 832 963 Non
853 914 964 988 potest
989 914 1108 963 autem
1135 898 1281 991 Megara·

191 1011 281 1077 nidis
308 1036 392 1089 esse,
420 1009 514 1076 adire
540 1012 780 1089 Lesbonicum,
807 1008 1058 1129 sedussalliclis.
1102 1015 1179 1079 Nec
1204 1015 1281 1079 enin

192 1127 241 1192 illi
265 1126 404 1219 quidem
420 1128 600 1219 quicquam
619 1127 670 1192 rei
687 1144 736 1192 est
758 1152 833 1193 cum
851 1125 1055 1206 Lc'sbonico,
1083 1150 1157 1195 nec
1178 1128 1280 1194 caussa

192 1241 260 1308 ulla
285 1241 484 1335 intelligitur
509 1265 569 1308 eur
591 1243 626 1306 lu
652 1259 756 1309 semet
774 1242 838 1310 hoc
859 1242 981 1335 negotii
1003 1242 1173 1335 recipere
1191 1222 1280 1337 quatu

194 1357 345 1435 Callicli,
378 1356 421 1423 ad
452 1383 553 1449 quem
577 1357 614 1423 id
639 1358 849 1449 pertinebat,
875 1359 1088 1425 committere
1116 1358 1232 1439 malit,
1255 1376 1282 1426 et

193 1473 229 1539 id
257 1476 392 1540 omnino
419 1475 495 1564 agit,
522 1492 559 1539 ut
585 1461 753 1552 Calliei,
776 1497 845 1540 non
870 1474 958 1539 sibi
984 1472 1072 1565 qnid
1096 1473 1281 1542 faciendum

195 1592 239 1657 sit
266 1591 547 1656 comminiscetur.
611 1592 684 1672 Quo
712 1588 812 1682 longe
839 1590 1070 1682 gravissimum
1099 1589 1171 1659 hoc
1195 1616 1281 1659 aces·

195 1702 262 1784 dit,
289 1704 381 1797 quod
408 1705 454 1770 sic
478 1702 634 1771 Callicles
660 1703 866 1849 reapondm:

296 1839 344 1907 Vt
369 1831 447 1927 e'go
474 1862 568 1903 auree
591 1836 806 1905 adulescenti
830 1837 1027 1903 thesaurum
1050 1833 1226 1906 indicem

294 1948 496 2029 Iudo'mito,
520 1952 623 2044 pleno
647 1949 773 2021 amaris
797 1977 840 2018 aa
863 1944 1053 2020 lasciviae?

1117 2048 1134 2081 Ι

196 2089 280 2155 Nam
305 2090 476 2180 prioribus
512 2087 652 2181 quidem
689 2092 927 2156 convenienter
951 2091 1148 2158 necessario
1172 2088 1279 2157 dicen·

197 2202 278 2268 dum
305 2221 375 2269 erat
400 2222 456 2270 aut
481 2220 518 2268 ut
545 2203 676 2270 iudices
701 2223 756 2271 aut
782 2220 819 2268 ut
851 2203 1001 2271 indicari
1031 2210 1169 2297 patiar.
1227 2207 1280 2271 Pa·

198 2344 273 2383 rum
300 2320 385 2383 enim
412 2317 564 2384 Plautum
590 2338 722 2398 norunt,
747 2320 805 2411 qui
831 2336 895 2384 tam
913 2319 1138 2412 incongruam
1165 2320 1279 2389 oratio·

198 2458 274 2500 nem
300 2434 330 2499 ei
355 2435 510 2512 tribuant.
562 2435 711 2527 Eamque
738 2459 883 2500 caussam
906 2434 1008 2501 fuisse
1036 2457 1201 2529 apparet,
1227 2463 1277 2506 cur
1318 2514 1320 2537 Ι

198 2552 233 2616 iu
256 2549 370 2616 Italam
394 2551 629 2618 recensionem
659 2548 849 2641 corrigendi
876 2549 985 2616 studio
1010 2549 1124 2618 adeas
1145 2553 1278 2620 —edo-
1318 2560 1320 2565 ’

199 2689 278 2731 ceas
302 2666 504 2750 inferretur,
531 2666 623 2758 quod
650 2666 751 2732 habet
775 2665 956 2757 Lipsiensis
979 2664 1104 2747 codex,
1131 2669 1276 2763 idemque
1318 2658 1320 2665 ¹

201 2807 241 2848 ex
264 2781 419 2849 editionis
446 2784 610 2875 principis
636 2782 801 2874 scriptura
826 2781 949 2847 adeam
966 2817 1013 2830 —
1040 2783 1191 2852 edoceas
1214 2787 1278 2853 Pius

199 2898 453 2991 Saracenusque
481 2901 672 2979 efficerent,
698 2895 868 2964 Acidalius
895 2917 1002 2965 autem
1029 2905 1184 2992 quamvis
1209 2926 1277 2997 pes·

200 3012 350 3080 sumdnto
378 3033 483 3081 metro
512 3014 681 3108 probaret.
729 3012 824 3078 Idem
849 3014 1011 3106 consequi
1034 3039 1070 3080 se
1097 3041 1201 3108 posse
1225 3019 1277 3083 Βο-
1318 3010 1320 3023 '

200 3129 287 3195 thius
315 3130 453 3221 putabat
473 3130 653 3207 ,durissima
679 3130 807 3196 invecta
832 3129 894 3196 hac
926 3132 1195 3200 constructione:
1230 3134 1276 3202 Vt
1312 3148 1320 3179 ·¹

201 3251 324 3316 adeam
349 3253 573 3319 Lesbonicum
598 3252 755 3318 edoctum
780 3269 817 3317 ut
843 3277 898 3318 res
922 3277 959 3318 se
983 3250 1099 3322 babet.
1163 3257 1275 3324 Verio-
1318 3244 1320 3253 Ι

201 3392 275 3433 rem
302 3371 387 3434 viam
401 3370 639 3435 Ambrosianus
665 3387 825 3435 monstrat
852 3369 970 3461 Ipsam
996 3366 1125 3435 adeam
1143 3408 1189 3420 -
1206 3371 1276 3437 edo-

202 3507 298 3549 ceam
323 3486 505 3575 praebens.
562 3489 631 3549 Aut
651 3484 748 3550 fallor
774 3503 829 3552 aut
854 3483 982 3578 aliquid
1003 3484 1201 3554 audendum
1225 3503 1274 3554 est.

203 3597 331 3683 Quodsi
354 3597 435 3664 olim
461 3600 622 3692 scriptum
646 3599 746 3666 suerit

300 3729 416 3823 Ipsum
445 3729 507 3797 a'di
532 3730 802 3811 adolescentem,
840 3725 944 3796 edoce
977 3755 1054 3797 eom
1089 3738 1145 3800 uti
1176 3729 1228 3800 re's
1247 3753 1275 3796 se

794 3844 917 3922 babet,

991 3939 1194 3987 nnsootuctm

110 3982 119 4058 5³,
205 4001 281 4066 saus
321 4001 525 4092 perspicitur
562 4000 731 4095 quemodo
766 4027 807 4069 ex
838 4002 1275 4072 aotuoonnsorrrut

110 4182 115 4205 ι
203 4117 293 4182 nasci
334 4116 789 4184 ADEAMLESBONICUM
824 4120 995 4211 potuerit:
1037 4118 1133 4187 unde
1171 4143 1274 4190 consc-

108 4226 127 4311 ἶ,
204 4255 310 4320 quens
335 4230 395 4296 luit
421 4229 603 4296 edoceeom
627 4251 663 4298 ut
688 4234 723 4298 in
747 4232 908 4298 edoceam
933 4234 1100 4306 transiret.
1152 4238 1222 4304 Nisi
1242 4232 1275 4298 ab

203 4345 268 4412 hoc
292 4347 404 4438 potius
431 4346 624 4442 corruptela
651 4373 769 4417 exorsa
797 4348 879 4421 illuc
911 4349 1131 4444 postmodum
1158 4352 1276 4447 serpsit
