2872 4942
418 357 451 398 ιι.
482 358 524 401 uu
552 355 680 401 tuctus
707 358 837 402 estvm.
1122 337 1170 409 57

137 560 147 599 t
172 530 386 599 collocationi
412 532 590 599 vet-horum
616 535 692 600 sutis
719 532 886 600 consuluit
916 551 1095 628 etnperum
1119 562 1173 605 es-

137 666 214 712 :utus
242 665 292 712 est
317 647 382 710 vim
408 648 620 728 coniunctim,
647 672 713 739 quo
731 647 868 740 quidem
889 648 924 714 id
943 650 1063 742 ipsum,
1080 651 1173 743 quod

137 778 230 826 uetur
256 758 450 826 tentum-de
477 760 559 826 alius
583 762 756 841 sententie,
789 763 1002 855 significetur.
1053 765 1173 833 Novis-

141 877 153 938 i
180 892 293 939 autent
320 870 457 941 editoris
482 877 572 941 Petri
598 875 747 941 defensio
774 874 867 968 quod
897 876 1081 969 particulae
1106 902 1175 947 non

137 987 271 1053 entium
298 1006 413 1053 estne
442 990 637 1081 cuiusquam
660 990 773 1055 sensui
799 990 956 1056 arrideat.
1007 992 1113 1059 Nobis
1147 993 1176 1058 ei

137 1101 237 1168 indus
263 1104 305 1167 sit
329 1105 461 1181 Brutus,
489 1104 698 1196 intelligendi
725 1105 952 1174 commoditati
979 1107 1043 1174 huc
1068 1132 1175 1174 mem-

137 1243 221 1283 ›rum
246 1217 457 1284 distinctione
484 1219 739 1286 subveniamus:
772 1221 820 1287 In
842 1244 908 1314 quo
932 1237 1050 1286 tantus
1075 1243 1175 1288 error

137 1336 173 1398 :ii
194 1335 297 1419 fuit,
329 1350 367 1398 ut
397 1333 449 1398 tis
482 1333 674 1401 consulibus
707 1355 813 1402 xxxx
838 1358 951 1401 annos
978 1322 1080 1402 caius
1101 1337 1176 1404 En-

137 1473 159 1512 s
176 1450 308 1534 suerit.
363 1448 428 1516 Cui
449 1453 482 1514 si
504 1449 658 1541 aequalis
683 1474 711 1520 e.
739 1475 773 1542 q.
797 1475 822 1516 s.

586 1696 617 1782 §-
645 1692 680 1765 ι.

180 1836 395 1906 Intellectum
423 1859 473 1906 cst
493 1841 556 1907 hac
583 1840 821 1940 disputatione,
847 1869 864 1907 u
893 1843 1056 1911 Cicerone
1079 1841 1177 1910 Plau-

137 1978 157 2017 u
194 1952 309 2020 reverit
343 1952 410 2018 dici
437 1956 544 2021 Ennio
574 1955 747 2049 eliquanto
786 1956 967 2024 maiorem:
999 1974 1178 2049 praeterea

137 2066 207 2134 titas
231 2069 298 2133 iem
324 2068 427 2135 fuisse
455 2095 481 2134 a.
507 2068 580 2171 556
607 2070 714 2136 Plauti
738 2070 924 2165 Naeviique
951 2068 1079 2137 sabulos
1107 2069 1180 2136 edi-

137 2230 147 2247 .
175 2180 481 2255 Windischmenno
505 2201 618 2250 eutem
646 2185 707 2251 etsi
726 2183 823 2252 facile
844 2182 1058 2251 concedimus
1078 2206 1179 2277 posse

137 2321 161 2363 ,ο
189 2294 242 2364 vel
267 2294 388 2364 decem
414 2323 577 2364 annorum
599 2299 743 2392 spatium
768 2299 844 2366 setis
873 2323 945 2364 esse
968 2296 1011 2365 ed
1033 2299 1099 2366 vim
1117 2295 1181 2362 ali-

137 2427 216 2477 anto
242 2412 333 2478 vocis
361 2411 579 2505 explendam,
615 2392 747 2480 temenq
769 2411 875 2480 altere
912 2437 954 2478 ex
975 2430 1070 2504 perte
1094 2408 1180 2476 nihil

137 2526 242 2593 efecto
277 2525 442 2618 impedit,
481 2528 658 2618 quominus
694 2527 790 2592 etiem
824 2526 859 2590 iu
892 2525 1022 2637 longius
1048 2542 1181 2615 tempus

137 2638 215 2713 lere
236 2640 481 2708 usitatissimum
509 2666 611 2733 genus
637 2637 801 2739 loquendi
826 2636 911 2705 illud
939 2632 1084 2731 putetur.
1110 2633 1182 2703 Sed

162 2734 408 2851 illiquentispffl
442 2757 549 2821 missis
576 2754 619 2820 ud
644 2754 784 2821 alterum
810 2770 1040 2846 argumentum
1073 2748 1184 2844 quod-

137 2896 162 2936 ιι
188 2869 444 2965 progredimur,
484 2868 575 2962 quod
609 2868 804 2960 significavit
836 2867 948 2961 potius
975 2872 1075 2958 quum
1100 2886 1183 2959 per-

137 2985 239 3052 ctevit
260 2984 753 3076 Peterscnustnlltatantiq.
774 2979 860 3049 stud.
887 2978 1182 3073 a.1836p.61·5.

138 3115 227 3165 stent
258 3098 349 3190 apud
384 3098 605 3192 Augustinum
641 3098 713 3165 Civ.
748 3099 790 3163 D.
816 3097 859 3176 ΙΙ,
890 3095 913 3166 9
956 3086 1130 3161 Ciceronis
1164 3118 1183 3159 e

137 3230 208 3278 arto
242 3209 287 3277 de
317 3210 492 3303 republica
527 3210 614 3278 libto
648 3212 734 3278 haec
767 3211 882 3278 verbu:
920 3207 985 3275 sed
1002 3205 1183 3277 Periclem.

137 3351 165 3390 ιι
203 3330 272 3392 iam
303 3351 386 3392 suae
421 3329 555 3391 civitati
592 3329 742 3392 maxima
785 3304 993 3401 auctoritaie
1019 3323 1185 3415 plurimos

137 3463 204 3506 izos
241 3440 335 3507 domi
366 3457 402 3507 et
434 3439 514 3506 belli
547 3444 776 3532 praefuisset,
815 3439 938 3507 violari
976 3436 1127 3505 versibus
1149 3442 1185 3502 ei

137 3557 151 3620 i
177 3551 208 3639 *)
236 3560 272 3620 in
294 3580 401 3621 scene
425 3580 498 3621 non
520 3555 597 3647 plus
622 3554 749 3631 decuit,
771 3577 873 3647 quam
897 3557 929 3620 si
951 3550 1097 3621 Plautus
1121 3542 1185 3616 ito-

137 3694 164 3735 u·
200 3670 359 3741 coluisset
390 3687 451 3737 aut
486 3671 637 3739 Naevius
666 3664 789 3738 Publio
813 3684 848 3735 et
875 3666 992 3736 Ctiaee
1019 3656 1185 3758 Scipioni,

139 3913 172 3981 ⁶)
193 3911 320 3976 vulgetur
337 3920 362 3964 et
380 3928 423 3963 ees
440 3913 491 3980 eei.
529 3911 681 3964 Rectissime
699 3924 852 3978 pronomen,
873 3911 900 3960 iu
921 3923 972 3977 quo
990 3922 1059 3981 cum·
1071 3905 1116 3957 atti
1133 3913 1186 3956 tutu

195 3999 381 4064 sagacissimus
409 3997 537 4064 Bergkius
564 4005 653 4048 noster
676 3997 702 4047 iu
728 3994 862 4047 Frituschii
889 3996 995 4058 Queeet.
1023 3990 1187 4059 Adimple!

194 4099 224 4152 p.
248 4084 301 4136 319
328 4098 380 4134 nou
400 4083 580 4146 offenderunt,
609 4081 722 4133 Cobetus
747 4080 829 4132 deleri
851 4081 927 4132 iussit
954 4078 1064 4132 observ.
1085 4079 1188 4132 critic

193 4167 262 4223 ctat.
280 4184 346 4220 cont.
363 4185 390 4236 p.
409 4169 451 4221 13.
485 4168 552 4220 Illud
578 4176 663 4219 autem
683 4169 745 4219 setis
763 4167 849 4219 mirari
869 4180 991 4233 nequeo,
1019 4165 1183 4232 quomodoe

196 4255 332 4305 Ciceronis
350 4255 436 4305 verbis
456 4254 640 4306 Klossmeunus
659 4269 684 4319 p.
706 4253 747 4304 16.
767 4253 820 4304 223
845 4252 1001 4303 centrarium
1019 4251 1070 4303 hoe
1087 4251 1188 4306 effece-

196 4341 242 4408 rit,
262 4341 289 4394 iu
308 4341 443 4411 Scipiones
461 4339 578 4396 Plautum
595 4339 772 4410 NuevIumque
789 4340 908 4411 invectos
928 4350 995 4392 esse.
