2872 4942
164 399 238 471 402
584 422 640 468 vu.
663 424 706 466 on
734 423 849 466 anserx

164 616 258 667 certe
292 597 326 663 in
348 597 516 687 impresso
542 593 649 660 Plauti
682 593 836 687 exemplo
860 591 1035 686 epistolam
1061 596 1248 691 significari:

164 734 202 781 ut
229 739 297 781 non
324 713 367 777 sit
389 713 521 797 mirum,
547 734 610 776 nee
635 711 671 774 in
696 712 787 776 Petri
812 710 932 775 Bembi
957 712 1095 803 scriptis
1108 713 1249 780 Niebuh-

164 833 269 909 rium,
303 852 369 893 nec
394 825 516 891 alicubi
543 825 679 931 velpme
704 825 754 892 rel
781 826 1041 892 versatissimum
1067 830 1102 893 in
1130 827 1248 894 Italica·

163 972 238 1012 rum
260 945 447 1010 litterarum
474 941 609 1007 historia
635 941 793 1035 Theoph.
818 940 1128 1009 Friedlaenderum
1155 946 1246 1011 Bere·

162 1057 338 1138 linensem‚
371 1057 429 1150 qui
455 1081 529 1121 mea
556 1082 669 1124 caussa
694 1056 787 1123 illam
811 1059 847 1124 in
871 1082 943 1126 rem
969 1059 1156 1152 inquisivit,
1187 1062 1244 1126 eius

163 1175 213 1241 vei
240 1175 413 1241 minimum
437 1174 612 1267 vestigium
637 1174 824 1268 indagasse.
877 1176 1116 1243 Constantinus
1148 1193 1244 1242 auten

162 1292 312 1358 Lascaris
342 1291 415 1381 (qui
441 1288 578 1380 quidem
604 1292 746 1357 Liscaris
773 1314 842 1356 non
867 1293 1091 1360 Taubmanno
1118 1308 1244 1372 tantum,

161 1405 221 1474 sed
248 1405 414 1474 hodierno
440 1406 570 1471 bomini
594 1407 712 1473 Bothio
739 1403 876 1491 dicitur)
891 1432 950 1474 cur
964 1431 1033 1475 non
1053 1409 1158 1502 magis
1175 1432 1243 1501 pos-

160 1523 202 1589 sit
227 1548 326 1614 quam
354 1525 508 1588 Petrarca
537 1539 652 1588 auctor
677 1523 751 1614 ipse
778 1522 900 1589 haberi
922 1546 1049 1605 eorum,
1077 1550 1166 1619 quae
1184 1548 1242 1591 ase

160 1636 292 1705 detecta
320 1657 370 1704 est
394 1637 583 1730 professus,
615 1640 769 1731 apposite
805 1639 1010 1706 Niebuhrius
1042 1666 1077 1734 p.
1106 1642 1175 1711 171
1200 1665 1241 1734 sq.

161 1752 350 1847 disputavit
403 1755 483 1837 Quis
510 1773 620 1821 autem
644 1755 746 1822 suerit
770 1771 896 1837 auctor,
917 1758 978 1823 etsi
999 1779 1070 1823 non
1085 1780 1136 1839 ea,
1155 1781 1242 1852 qnam

160 1873 216 1938 hic
243 1868 499 1959 commendabat
523 1872 572 1936 via
593 1872 750 1963 repperi:
775 1895 840 1937 nee
860 1873 949 1938 enim
963 1894 1090 1964 operae
1107 1874 1241 1967 pretium

160 1988 267 2054 videri
294 1987 402 2079 potuit
427 1986 461 2051 in
487 1985 645 2052 Italorum
672 1985 761 2051 illius
788 1985 912 2052 saeculi
934 1985 1185 2081 philologorutn
1206 1985 1241 2054 si·

160 2100 229 2168 mni
259 2118 293 2168 et
317 2117 491 2194 poetarum
517 2101 698 2167 lectionem
730 2125 784 2167 me
810 2103 999 2183 insinnare,
1031 2127 1074 2168 ex
1111 2103 1240 2197 ipsaque

160 2242 315 2285 versuum
340 2215 456 2282 indole
483 2218 709 2284 coniecturam
732 2242 869 2309 capere:
896 2218 1114 2285 tamen-haud
1141 2214 1239 2313 paulic

164 2350 201 2399 ut
225 2351 306 2425 puto
333 2333 475 2400 certiore
501 2331 664 2398 afferendi
690 2334 873 2399 testimonii
899 2351 982 2398 utar.
1031 2335 1147 2428 Atque
1172 2356 1239 2426 ape·

162 2451 230 2516 ruit
254 2450 321 2515 iam
348 2467 422 2515 ante
449 2473 597 2516 cccxxxv
622 2473 726 2515 annos
753 2447 859 2516 Plauti
895 2451 1064 2542 interpres
1091 2451 1138 2518 Io.
1163 2452 1254 2542 Bapt-

162 2568 256 2647 Pius‚
294 2564 360 2630 illis
395 2590 480 2658 quae
516 2566 584 2653 §2
615 2567 804 2655 posteriore
834 2564 909 2633 loco
944 2566 1118 2658 posuimus
1143 2562 1252 2634 verbis

161 2685 244 2749 haee
279 2685 493 2749 continuans:
538 2682 840 2768 Circumferuntur
879 2687 1040 2773 integrae
1076 2676 1236 2747 bacchides

165 2797 371 2863 carminibus
396 2797 525 2864 acidius
549 2821 572 2861 a
594 2799 836 2888 panormitba:
862 2821 948 2891 quae
975 2823 1046 2863 non
1066 2797 1234 2864 adstituers

167 2918 270 2980 visum
297 2941 369 2980 cunr
394 2915 520 3006 absque
545 2919 781 2980 controversia
805 2910 972 2982 Plautina
996 2914 1170 3006 dignitate
1191 2933 1232 2977 ca·

166 3047 277 3096 reaszt.
333 3030 426 3121 Quid
450 3056 523 3096 cum
547 3029 700 3096 leonibus
725 3031 836 3119 vulpes
862 3031 1030 3121 iungam?
1078 3030 1231 3099 Sincerum

167 3170 322 3238 euperem
348 3172 407 3211 vas
432 3152 634 3213 incrustare.
687 3147 901 3213 Manifestum
933 3166 981 3214 est
1003 3147 1180 3213 Antonium
1202 3136 1230 3204 il·

167 3261 234 3328 lum
259 3261 713 3356 Beccadellum²significari‚
747 3263 804 3354 qui
829 3263 1054 3329 Panormitam
1090 3286 1125 3328 se
1147 3248 1229 3327 vocari

169 3403 187 3443 a
212 3379 318 3470 patria
344 3377 468 3459 maluit,
495 3378 685 3444 academiae
710 3375 960 3470 Neapolitanae,
988 3379 1041 3443 eui
1063 3394 1175 3470 postea
1193 3371 1229 3434 1⁰·

169 3490 282 3559 vianus
316 3497 482 3560 Pantanus
511 3494 670 3586 praefuit,
699 3494 780 3558 socii
813 3510 924 3558 autem
954 3494 1095 3589 ascripti
1124 3502 1227 3587 praeter

170 3607 251 3677 alios
278 3636 296 3676 a
323 3610 601 3702 praestantissimo
641 3608 827 3675 Tirabosco
865 3627 1142 3676 commemoratos
1168 3600 1226 3669 Hisi

104 3758 105 3767 ¹
171 3723 269 3791 litter.
304 3723 374 3790 Ital.
413 3725 488 3792 Vol.
515 3725 581 3802 Vt,
609 3745 695 3816 part.
723 3723 757 3802 Ι,
783 3748 823 3831 p3
845 3725 914 3794 105
941 3748 990 3816 sq.
1029 3709 1227 3810 (lib.1‚e3

169 3840 188 3926 S
219 3839 280 3923 27)
316 3843 510 3907 Laurentius
544 3838 641 3906 Valla
680 3856 712 3904 et
751 3838 848 3906 Ianus
882 3839 1074 3906 Parrhasius
1114 3836 1225 3904 fuerunt,

172 3956 390 4034 conditorem,
420 3958 623 4021 carissimum
642 3952 819 4045 Alphonso
845 3955 935 4046 regi:
961 3953 1004 4019 de
1032 3953 1122 4020 cuius
1143 3948 1226 4016 ritaet

144 4049 145 4053 ἵ
171 4072 301 4162 seriptis
325 4070 417 4136 idem
433 4073 636 4136 Tiraboscus
664 4067 794 4133 erudite
823 4070 977 4161 exposuit
996 4067 1145 4145 Votvl,
1166 4064 1224 4153 part·

171 4184 213 4261 Π,
234 4211 266 4275 p.
295 4186 364 4255 687
391 4212 464 4278 sqq.
494 4186 565 4270 (lib.
580 4185 640 4263 ΙΙΙ,
670 4209 695 4248 c.
724 4189 753 4261 1,
780 4185 797 4258 §
824 4183 881 4254 57.
909 4180 980 4267 58.)
1012 4183 1168 4275 Apprime
1187 4189 1224 4234 ³¹¹·

171 4316 238 4363 tem
266 4300 330 4366 huc
357 4303 520 4378 coliveuit7
544 4300 636 4393 quod
663 4299 705 4363 de
736 4324 775 4364 eo
791 4295 908 4362 Paulus
925 4299 1110 4377 Cortesius,
1133 4303 1225 4377 aeqssfl‘

164 4415 204 4481 lis
232 4417 461 4494 Pariormitae,
494 4415 653 4482 iudicium
680 4415 781 4495 se'eit,
818 4439 858 4478 ex
882 4413 970 4480 libro
1001 4413 1044 4479 de
1069 4399 1223 4480 hominihus
