2872 4942
173 341 245 418 478
395 367 464 409 vus.
490 364 533 408 ne
556 366 703 410 susurro
730 366 901 412 scenssttt
928 368 1052 414 onutne

175 540 282 611 Aedis
307 539 393 607 dico.
445 564 506 608 ru.
541 565 625 633 ergo
663 547 755 608 intro
782 567 822 608 co
848 548 925 609 sine
947 543 1157 637 per-duetore.
1195 560 1223 606 st.

176 664 190 725 i
212 657 299 724 licet.
315 655 345 740 *)

279 742 388 853 {illinit
410 773 445 835 in
479 769 637 838 Plautinis
669 770 788 837 subulis
814 773 1024 866 frequentius
1049 798 1147 867 quum
1166 773 1231 838 eius·

173 886 265 955 modi
292 884 558 978 corruptelarum
590 910 769 954 concursus
807 906 840 954 et
864 891 1085 956 crescentium
1109 908 1233 955 errorum

174 1021 328 1096 tunquam
356 1001 464 1068 nodus
490 1000 650 1094 quidam:
678 1004 772 1070 cuius
796 1005 846 1070 rei
874 1002 1029 1096 exempla
1051 1004 1115 1070 elie
1130 1026 1235 1096 oppor-

173 1120 308 1186 tunitate
335 1116 450 1183 liceuit
474 1117 564 1209 lorge
589 1142 688 1183 manu
712 1144 882 1212 promere.
942 1121 1055 1187 Vnum
1088 1121 1143 1186 hic
1173 1117 1235 1183 ulle-

171 1258 263 1314 rum,
304 1235 396 1303 euius
426 1233 613 1325 simplicior
644 1236 749 1315 ratio,
790 1235 849 1303 sed
872 1235 1045 1329 persimile
1075 1253 1236 1329 propterea
1275 1246 1277 1283 ²

174 1350 266 1444 quod
295 1351 507 1417 traiecturum
531 1374 616 1416 uuus
639 1374 797 1418 versuum
819 1353 908 1533 pem
933 1377 994 1421 suo
1020 1352 1099 1421 loco
1121 1349 1236 1418 resedit

173 1464 398 1534 Mostellariue
427 1467 517 1532 enim
543 1466 601 1546 Ill,
628 1468 652 1535 2
677 1484 753 1532 eum
779 1492 797 1532 e
839 1514 849 1534 .
878 1470 941 1536 101
973 1469 1059 1536 huec
1084 1467 1236 1562 leguntur:

294 1604 355 1648 Tu.
380 1580 480 1648 Adeo
496 1585 601 1647 etiam
615 1586 760 1672 argenti
781 1586 910 1664 factrus
936 1583 1106 1649 creditum
1135 1582 1237 1650 audio?

293 1720 349 1765 un.
376 1698 551 1787 Quaque
574 1697 814 1791 quadraginta
839 1700 892 1764 itti
914 1697 1086 1764 debentur
1109 1696 1220 1764 minoe.

295 1815 362 1879 Dic
389 1829 422 1877 te
436 1811 608 1893 daturum,
634 1829 671 1878 ut
684 1810 807 1883 abeat}
823 1836 885 1885 Tel.
912 1838 1004 1904 egon
1021 1814 1135 1880 dicam
1148 1810 1236 1880 daret

294 1951 356 1996 ru.
383 1931 459 1995 Dic.

167 2040 288 2142 'phullo
315 2064 392 2139 post
416 2046 478 2111 hos
502 2044 719 2111 offendimus:

199 2167 267 2235 120
294 2185 351 2230 Tu.
376 2159 524 2229 Absolve
550 2160 640 2225 Itone
665 2184 790 2251 quaeso
818 2166 997 2237 seruitum,
1030 2188 1076 2229 ne
1114 2166 1167 2231 tic
1187 2186 1234 2229 nos

771 2292 898 2342 enecet.

300 2395 475 2484 Quattuor
499 2392 739 2485 qtradraginta
767 2392 817 2458 itti
837 2391 1007 2459 debentur
1028 2399 1155 2468 minae,

296 2512 342 2577 Et
369 2534 445 2575 sors
470 2525 505 2574 et
526 2514 673 2597 sirenus.
725 2531 783 2576 uA.
819 2525 1010 2575 tantumst:
1046 2507 1231 2600 ndstoptu

773 2640 865 2716 pete.

299 2766 357 2810 tn.
384 2741 498 2813 Velim
530 2739 667 2832 quidem
699 2740 811 2806 ltercle
845 2758 883 2806 ut
912 2766 981 2807 uuo
1017 2764 1160 2809 mantino,
1176 2736 1231 2831 plus

768 2872 877 2948 petus.

176 3020 472 3035 ,Μ

234 3123 262 3194 ⁴)
280 3122 351 3173 lloud
372 3123 425 3173 scio
444 3137 475 3172 en
496 3128 630 3187 practerea
650 3119 746 3186 aliquid
769 3119 911 3172 audendum
939 3118 987 3182 sit,
1019 3119 1062 3170 rel
1085 3113 1231 3187 quaerentium

281 3225 361 3279 certe,
379 3233 438 3267 num
460 3216 527 3267 forte
544 3231 639 3266 versus·
654 3217 744 3266 tertius
764 3215 865 3284 (Apupe
883 3249 949 3268 ....
968 3215 1113 3284 ductarier)
1135 3223 1159 3265 et
1170 3205 1246 3280 ιιιιῐῐί4

281 3313 363 3362 exitus
383 3314 485 3380 (apeme,
503 3311 661 3380 complacet)
679 3310 797 3378 Tranioni
815 3312 910 3361 rectius
928 3309 1081 3375 tribuentur,
1101 3312 1123 3360 is
1141 3307 1233 3359 uilicus

282 3411 332 3458 tius
350 3417 375 3458 ct
392 3424 442 3475 qua
461 3407 528 3458 solet
548 3424 606 3459 esse
626 3407 734 3457 fidentia
760 3422 819 3473 pro
846 3405 1080 3472 Theuropide
1106 3400 1233 3471 responset

282 3511 341 3554 unte
360 3518 434 3570 quam
453 3504 478 3552 in
500 3503 606 3553 candem
626 3502 668 3552 hic
688 3504 746 3569 ipse
765 3503 916 3553 senteutiam
928 3500 973 3550 illu
988 3500 1058 3551 ilicet
1083 3496 1198 3570 Quicquid
1211 3497 1233 3542 αἱ

281 3615 306 3651 e.
317 3615 341 3666 q.
360 3615 379 3650 e.
401 3598 516 3665 Namque
528 3601 562 3648 ita
574 3599 703 3648 fotendum
722 3606 806 3649 estet
824 3596 887 3647 lucc
905 3598 962 3663 ipsa
980 3597 1062 3648 verba
1082 3597 1159 3663 longe
1175 3590 1234 3658 eptit-

183 3684 187 3689 ’
282 3697 347 3747 sime
361 3696 428 3745 necti
447 3693 583 3760 prioribus,
603 3702 629 3743 et
640 3695 721 3760 mugit
739 3695 866 3760 proiecto,
883 3707 959 3760 quem
974 3693 1000 3743 in
1018 3690 1233 3759 theuropttngn-

281 3793 403 3855 vitutem,
433 3789 534 3840 iocundi
555 3805 637 3856 genus
658 3789 722 3840 illud
744 3792 891 3840 universum
910 3787 1003 3839 cadere
1020 3789 1048 3838 in
1066 3796 1177 3856 argutum
1191 3781 1233 3832 ΤΠ·

280 3887 365 3937 nionis
384 3900 441 3937 cum
461 3887 652 3951 protervitatem
671 3893 722 3936 tum
742 3886 908 3935 consiliorum
925 3885 1060 3948 rationem,
1078 3886 1171 3951 quippe
1184 3888 1232 3929 ett-
1272 3866 1277 3957 l

282 3981 321 4031 ius
340 3997 368 4031 re
385 3980 449 4031 illud
467 3981 544 4030 fucrit
561 3988 588 4030 ut
607 3980 674 4046 quud
693 3982 816 4043 momine,
835 3988 862 4028 ut
882 3995 941 4029 sese
960 3979 1017 4029 solo
1036 3980 1131 4030 comite
1147 3975 1231 4028 Theou·
1274 3962 1277 4001 ¹

281 4076 355 4142 pides
373 4078 478 4126 intimet
497 4090 563 4125 neve
579 4076 713 4126 eSimonis
725 4074 811 4142 aliquo
832 4090 908 4125 servo
929 4090 983 4124 rem
1000 4073 1084 4141 qualis
1099 4061 1231 4124 essetressi·

281 4179 373 4222 sceret.
394 4171 444 4241 Sed
458 4180 543 4222 tomen
557 4168 679 4220 hebernus
695 4186 740 4220 cor
758 4170 903 4221 dubitentur
922 4169 985 4219 illud
1007 4185 1057 4219 uec
1074 4170 1124 4219 nisi
1140 4169 1163 4217 in
1178 4160 1241 4211 cler*

283 4274 363 4316 torum
382 4267 477 4333 angulo
500 4267 609 4334 quodam
630 4267 834 4333 significarimus.
880 4267 929 4317 vix
948 4274 1033 4316 autem
1061 4248 1229 4315 subinnuit

283 4369 354 4411 reete
373 4364 513 4413 emendetis
533 4364 646 4413 numeris
664 4378 755 4413 versus
775 4361 882 4414 secundi
900 4363 982 4434 [Num
999 4370 1097 4430 eportet
1115 4375 1136 4411 e.
1153 4371 1172 4423 q·
1185 4348 1215 4412 ⁵¹l·
