2872 4942
161 388 230 461 566
477 414 520 454 ιι.
572 413 614 452 un
638 410 927 455 ιιιιιιιιοιιτιοιιιι

160 585 198 648 In
223 585 275 649 his
300 583 445 674 primum
472 582 619 647 omnium
648 606 716 649 nou
743 604 904 673 assequor
928 581 999 646 vim
1028 599 1067 647 et
1102 594 1246 650 constru-

163 702 305 765 ctionem
332 697 411 762 dum
436 696 618 790 particulae
645 724 674 766 v.
689 699 745 766 98.
780 697 845 763 'Aut
872 698 963 763 enim
992 696 1130 768 dictum
1155 724 1248 791 opor-.

162 815 223 880 tuit
249 812 334 878 clam
360 813 423 878 clos
449 813 604 905 depromi
625 830 739 904 potest
753 811 924 906 (poterit),
949 839 1030 879 cum
1059 812 1133 901 (vel
1149 839 1252 909 quan.

160 927 220 1015 do)
257 933 390 995 occasio
426 934 460 994 ei
484 934 537 995 rei
560 934 764 1022 reperietur:
800 947 855 995 aut
884 930 913 994 si
944 927 1030 994 dum
1068 930 1164 998 voles
1193 955 1251 1024 pru.

163 1044 343 1110 dummodo
369 1045 514 1137 positum
544 1070 627 1126 esse,
655 1045 742 1110 clam
766 1043 925 1136 deniqui
937 1062 1077 1137 potest,
1098 1045 1253 1153 dulce-oc·-

163 1165 254 1225 cusio
282 1175 497 1251 exspectetur
520 1160 553 1224 h.
580 1185 607 1224 e.
643 1161 672 1226 si
707 1158 807 1227 modo
841 1158 1054 1252 aliquantum
1094 1164 1251 1255 temporis

164 1301 357 1342 concessum
392 1277 434 1341 sit
464 1300 530 1342 uec
563 1301 652 1341 nunc
688 1277 795 1342 statim
827 1276 924 1344 nobis
949 1297 1150 1369 properato
1174 1301 1252 1370 opus

103 1419 105 1423 ’
164 1418 235 1458 esse
260 1411 425 1484 putemus.
485 1390 569 1458 Nam
604 1391 784 1485 dumiffdo
816 1391 969 1479 (wofirn
995 1392 1085 1478 nur)
1123 1398 1254 1459 occusiu

162 1513 356 1599 reperiatur
382 1531 490 1601 prope
519 1505 638 1573 eodem
662 1506 790 1589 redeat,
816 1532 854 1573 ac
879 1490 980 1575 si'sic
1003 1505 1176 1603 loquare:
1200 1507 1253 1574 cin

160 1628 276 1716 promi
294 1639 422 1714 potest,
448 1620 632 1689 dnmmodo
653 1627 770 1715 possit.
823 1621 954 1706 Quotlsi¹
980 1646 1053 1689 non
1083 1625 1254 1717 ceperitne

163 1742 314 1819 occasio,
355 1762 423 1803 non
448 1755 560 1830 potest
585 1722 856 1837 doiflepromi:
898 1761 978 1830 ergo
1005 1737 1098 1804 nihil
1136 1737 1253 1804 dixerit

167 1855 336 1922 Callicles.
387 1856 414 1919 E
441 1879 508 1946 quo
535 1855 689 1933 efficitur,
716 1872 844 1920 utnon
870 1879 943 1920 eum
970 1853 1176 1945 prioribus,
1199 1851 1254 1924 sed

166 1997 240 2038 cnm
265 1972 304 2037 iis
332 1938 705 2152 (ιιιιᾪυοιιιιεειιιιιιιιῑῑιιιι
735 1969 815 2040 dum
839 1967 925 2034 illud
951 1994 1029 2035 eum
1057 1994 1124 2036 suo
1152 1994 1255 2037 anina.

165 2088 244 2154 tiato
271 2090 441 2180 iungenu
445 2112 475 2150 m
504 2085 603 2151 sitin
629 2085 715 2151 hanc
750 2083 889 2178 quidem
921 2082 1158 2176 planissimam
1184 2109 1256 2151 seu-

165 2204 320 2269 tentiam:
361 2204 454 2269 Dum
478 2200 523 2287 (h.
552 2227 580 2266 e.
605 2200 656 2267 bis
681 2197 775 2284 dass)
813 2203 946 2268 occasio
971 2199 1055 2265 ltuic
1083 2206 1138 2266 rei
1162 2223 1255 2293 repe.

166 2324 298 2394 riatur,
324 2316 548 2383 mutuandum
574 2333 625 2382 est
648 2333 840 2406 argemum.
875 2351 921 2364 -
961 2298 1034 2381 Sed'
1060 2333 1167 2383 restat
1191 2339 1252 2381 non

164 2436 273 2500 minus
300 2435 405 2528 gravis
431 2431 603 2502 dubitatio.
656 2434 729 2515 Quo
758 2429 993 2497 enim1·eferri
1018 2427 1250 2523 Megaronidi's

166 2553 269 2618 verba
303 2575 371 2643 quo·
399 2566 501 2641 pact-o
539 2573 624 2640 ergo
660 2553 767 2639 igitur
792 2546 966 2614 ‹licam-usi
998 2546 1142 2640 quando
1177 2572 1245 2637 sup-

165 2691 281 2757 presso
308 2665 412 2731 verbu
439 2690 544 2730 senex
572 2665 710 2757 quaerit.
769 2661 870 2745 Quod
896 2663 984 2727 eui-m
1012 2680 1246 2755 exspectamua

157 2786 281 2870 facins
308 2779 360 2847 vel
386 2805 458 2844 rem
485 2783 702 2846 instituamus
728 2777 783 2844 vel
806 2776 969 2844 eiusmodi
997 2777 1182 2868 quiddam,
1214 2771 1242 2839 it

168 2899 277 2986 ipsum
304 2893 395 2960 unde
420 2893 554 2960 tandem
581 2895 648 2960 huc
674 2893 900 2989 asciscamus?
940 2889 1045 2974 Quosl
1071 2910 1154 2984 puto
1176 2914 1242 2956 sene

167 3013 287 3080 tientes
315 3014 422 3100 igitur
448 3013 483 3076 in
515 3027 640 3101 agetur
672 3011 804 3104 plicaes
831 3007 910 3073 inde
937 3034 956 3072 a
982 3010 1062 3072 1ὛΙιιι
1066 3007 1121 3074 ula
1148 3005 1238 3073 edito-

168 3149 223 3188 res
250 3142 424 3190 mutatunt.
486 3125 556 3191 Nec
589 3143 734 3215 repente
762 3124 904 3214 abrupto
934 3124 1089 3187 sermoni
1110 3119 1218 3187 nllus
1211 3142 1238 3180 tn

169 3200 302 3330 placide
338 3257 371 3305 et
405 3238 585 3332 tranquilla
623 3238 861 3313 consultatibnc
886 3237 990 3304 locus
1056 3241 1113 3304 An
1143 3235 1238 3301 dotem

169 3353 267 3430 (labis
304 3356 502 3446 cogitatione
528 3372 662 3447 repetes
687 3380 704 3418 e
729 3353 934 3446 praegtessis
969 3349 1090 3417 dotem
1116 3316 1236 3416 naresi

170 3468 344 3535 dixerint?
394 3470 437 3535 At
471 3495 513 3535 ne
539 3470 604 3537 hoc
632 3467 769 3561 quidem
794 3471 878 3534 ratio
904 3468 1053 3560 patitur,
1095 3492 1170 3534 cum
1192 3459 1259 3526 illa¹

168 3610 238 3651 non
259 3587 294 3649 in
319 3583 499 3678 principali
528 3585 695 3650 enuntiato
722 3585 829 3675 posita
854 3586 927 3662 sint,
953 3582 1015 3647 sed
1038 3585 1077 3648 in
1094 3598 1236 3674 suspensa

171 3724 210 3764 ex
234 3698 305 3766 illo.
371 3703 445 3782 Quo
472 3699 618 3778 accedit,
646 3698 738 3792 quod
763 3724 832 3765 non
855 3701 956 3790 magis
983 3717 1078 3764 recte
1108 3726 1144 3764 ea
1167 3715 1233 3788 quae

170 3815 421 3907 respondentur
438 3815 647 3907 procedunt:
675 3815 761 3880 clam
787 3814 849 3880 dos
869 3813 1158 3906 depromipotest.
1181 3812 1232 3874 De-

169 3930 292 4001 buerat
330 3931 487 3999 Callicles
527 3931 663 3998 saltem:
708 3931 795 3996 clam
830 3930 893 3996 dos
924 3930 1160 4022 depromenda
1189 3937 1232 3988 est·

172 4049 388 4139 Quanquam,
433 4066 469 4113 ut
499 4050 607 4113 acrius'
639 4049 783 4129 instem,
818 4049 863 4112 ita
889 4045 969 4139 quid
995 4045 1132 4112 tandem
1157 4042 1233 4109 docet

171 4162 451 4253 Megaronidem‚
491 4162 583 4256 quud
613 4165 640 4228 is
676 4187 744 4230 non
779 4179 873 4228 antea
905 4163 1018 4226 scierit
1043 4180 1142 4254 atque
1168 4153 1233 4221 atltt)

173 4275 244 4362 ipse
273 4278 304 4341 ei
333 4278 488 4346 Callicles
516 4281 582 4344 suis
614 4277 679 4343 illis
713 4279 863 4343 versibus
898 4278 1107 4368 apertissime
1136 4263 1232 4364 siguifi-

174 4391 263 4470 cauit,
292 4394 412 4483 quibus
438 4393 489 4460 vel
517 4393 635 4461 sedere
661 4419 694 4460 se
715 4412 864 4466 metuere
892 4392 1044 4469 (literati
1083 4395 1149 4459 Cur
1165 4383 1229 4453 enin
