2776 4942
335 414 364 458 v.
391 412 432 453 os
456 408 563 454 serie
590 412 754 454 rutttvtttn
783 402 950 455 remoue.
1121 384 1189 457 341

129 588 151 652 it
181 603 215 673 et
251 603 381 652 eertum
417 610 489 650 esse
519 601 553 649 et
583 585 819 654 necessarium.
867 584 1002 652 Deinde
1029 583 1122 678 quod
1148 583 1192 653 (le

127 726 230 768 norum
259 698 453 792 corruptela
478 700 636 765 maiorem
660 725 740 767 sone
765 702 799 765 in
828 700 963 768 modum
991 726 1090 792 quam
1113 699 1193 768 alibi

127 835 203 908 poeta
230 819 382 910 queritur
407 817 503 894 Trio,
530 817 556 896 Ι,
578 822 609 883 1.
654 816 747 896 lte.
775 813 808 896 4,
846 815 880 882 id
903 841 971 884 non
997 842 1097 908 posse
1123 840 1193 884 non

127 931 154 997 ui
174 958 208 998 eu
234 949 388 1023 tempora
414 931 532 997 referri
549 948 669 1023 putat,
703 951 959 1024 quaesusumus
988 931 1112 998 suerint
1136 957 1194 997 te·
1271 976 1277 986 ·

126 1049 180 1114 uris
198 1047 381 1117 Plautinae.
431 1049 608 1112 Praeterea
639 1072 707 1113 non
742 1050 889 1140 potuisse
915 1046 990 1125 illa,
1026 1070 1111 1140 quae
1148 1044 1193 1111 de

126 1162 224 1229 brabia
251 1165 346 1230 Ponti
372 1182 468 1256 purte
496 1162 630 1229 Plautus
655 1165 785 1229 iocatur
811 1167 867 1244 IV,
893 1168 925 1243 2,
953 1164 1013 1241 89:

202 1303 256 1348 sr.
286 1280 446 1346 Omnium
469 1283 617 1371 primum
642 1283 679 1345 iu
698 1282 848 1346 Pontum
873 1279 1010 1347 advecti
1031 1277 1080 1343 ad
1103 1271 1194 1344 Aru·

700 1395 790 1462 bium
817 1413 948 1463 terrum
970 1419 1093 1461 sumus.

203 1531 263 1575 cu.
288 1509 383 1586 Elio,

203 1621 261 1691 An
287 1629 391 1691 etium
413 1623 580 1693 Arabiast
606 1632 642 1693 iu
663 1627 805 1695 Ponto?
840 1650 894 1694 sr.
921 1627 1003 1693 Est:
1030 1648 1101 1690 non
1124 1623 1195 1704 itta,

708 1742 767 1810 ubi
791 1759 845 1809 tus
870 1746 1046 1833 gignitur,

204 1855 265 1924 Set
292 1854 349 1923 ubi
370 1855 577 1924 absinthium
588 1857 641 1950 stt
667 1876 769 1951 atquo
796 1858 911 1925 cunila
934 1858 1151 1949 gallinacea:

125 1960 192 2039 iuteo
219 1973 320 2064 igitur
349 1996 417 2038 non
444 1975 593 2064 potuisse
629 1993 704 2041 ante
731 1971 856 2040 bellum
879 1973 1118 2039 Antiochinum
1142 1971 1195 2035 io-

124 2082 211 2181 :elligi
235 2105 421 2180 arguuntur,
459 2105 585 2181 utque
612 2091 757 2181 primum
784 2090 860 2155 Asis
888 2090 1041 2155 Romanis
1069 2085 1197 2178 petesu-

124 2212 166 2265 eu
184 2204 368 2271 accuratius
393 2221 557 2270 terrarum
583 2203 716 2271 illarum
739 2207 818 2271 situs
844 2205 1057 2271 innotuerint.
1091 2202 1198 2267 Deni-

124 2334 179 2404 que
200 2318 300 2413 longe
328 2320 426 2386 etism
453 2318 593 2387 ulterius
628 2319 847 2413 progreditur
879 2320 1036 2387 audaciae
1070 2317 1124 2385 vel
1163 2331 1200 2380 ut

124 2435 217 2502 tetius
250 2433 360 2502 dicam
387 2437 582 2503 temeritatis
608 2460 780 2530 pravoque
807 2436 958 2527 proiecto
986 2436 1136 2503 acumine
1149 2455 1197 2509 es,

124 2562 194 2632 {une
217 2575 356 2642 prorsus
395 2551 461 2617 siut
485 2551 717 2630 incredibilia,
756 2552 1018 2619 comminiscitur
1050 2575 1068 2614 e
1101 2548 1196 2614 Trio.

123 2651 141 2733 [2
164 2668 194 2744 2,
216 2660 264 2732 46
291 2690 383 2757 sqq.:

201 2783 291 2848 Nam
317 2806 410 2847 inuno
435 2805 499 2872 ego
524 2786 557 2847 si
581 2799 615 2848 te
640 2786 843 2874 surripuisse
867 2786 1019 2873 suspicer

206 2898 286 2964 Iovi
308 2920 472 2962 coronam
497 2896 540 2961 do
566 2901 678 2989 capite
704 2923 749 2962 eso
775 2898 959 2989 Capitolio,

210 3013 279 3102 Qui
298 3016 336 3077 iu
364 3013 531 3079 columine
557 3030 650 3078 astat
675 3037 823 3078 summo:
860 3017 892 3078 si
927 3011 966 3079 id
1000 3035 1072 3078 nou
1093 3015 1197 3098 sece-

679 3133 901 3220 Meus

122 3226 169 3307 'Sic
199 3245 285 3307 enim
314 3241 399 3309 baec
438 3244 551 3310 scribe
590 3246 712 3336 partim
745 3268 784 3308 er
816 3243 1037 3310 Ambrosiano
1078 3242 1198 3311 codice

122 3359 230 3435 purtim
254 3384 271 3423 e
298 3357 448 3429 Beckeri,
467 3362 658 3426 coniectura
684 3359 727 3424 de
754 3383 837 3425 eom.
861 3360 952 3425 Rom.
990 3359 1055 3425 sab.
1080 3384 1114 3450 p.
1141 3359 1199 3430 40.
1270 3376 1273 3381 ’

122 3459 171 3537 His
200 3491 311 3539 autem
347 3473 495 3541 Calliclis
534 3475 643 3541 verbis
678 3501 755 3542 cum
793 3473 968 3566 quaelibet
1000 3475 1114 3567 inepta
1148 3471 1200 3541 vel

122 3586 196 3657 uleo
218 3585 338 3655 insana
366 3592 550 3657 criminatio
576 3592 754 3687 significari
779 3592 846 3657 visa
874 3609 972 3668 osset,
996 3613 1139 3681 ¹prorsus
1166 3604 1202 3659 ut

122 3696 150 3769 iu
173 3705 340 3772 simillimo
368 3707 666 3774 Menaechmorum
693 3732 790 3773 versu
812 3707 853 3785 V,
880 3707 913 3782 5,
940 3705 1003 3773 38;

208 3819 259 3889 At
277 3844 343 3911 ego
357 3836 391 3886 te
405 3845 540 3887 sacram
554 3845 717 3888 coronam
731 3823 934 3911 surripuisse
951 3815 973 3888 I
973 3821 1043 3883 ouis
1057 3821 1126 3882 scio
1148 3811 1201 3899 *).·

121 3934 316 4007 Petersenus
353 3937 492 4030 quidem
527 3956 636 4005 certae
669 3939 719 4003 rei
743 3962 827 4028 quae
849 3959 928 4001 vere
954 3932 1118 4000 acciderit
1146 3954 1203 3999 co·

121 4056 304 4145 gitatiooem
341 4055 480 4120 subesse
523 4055 677 4146 opinatus
722 4069 780 4118 est.
841 4053 944 4133 Quam
982 4072 1055 4113 esse
1090 4048 1203 4147 conie·
1281 4075 1284 4082 ·

121 4170 159 4236 sit
198 4167 389 4258 Capitolini
419 4171 562 4255 furtum
595 4165 715 4236 Petilli
749 4163 853 4245 illud,
892 4163 982 4230 cuius
1019 4164 1054 4227 in
1089 4163 1202 4228 Horat.

166 4422 196 4484 ¹)
215 4414 274 4470 Non
292 4418 346 4469 scio
368 4418 443 4480 loris,
461 4417 529 4485 quod
547 4415 675 4483 vulgatur.
695 4415 748 4466 seio
766 4384 895 4478 ascriotis
908 4405 1111 4459 libsis'omnibus
1123 4404 1207 4459 obest.
