2872 4942
469 376 721 420 nosraaasaruo
751 375 946 418 acerruma.
1178 353 1250 424 453

165 550 216 642 qni
244 573 357 616 servus
383 549 468 629 sim,
500 548 586 614 nihil
610 548 772 641 praesidii
799 569 950 642 paratum
986 569 1121 642 praeter
1143 552 1263 642 ipaam'

166 664 211 730 eri
240 689 353 730 curam
377 680 409 731 et
435 663 592 730 servilem
616 665 850 732 obedientiam.
883 665 1016 756 Ecquid
1032 684 1141 731 autem
1161 691 1255 731 caus-

166 804 218 845 sae
247 797 298 844 est
322 803 381 844 cur
406 778 491 843 nihil
517 779 747 871 Theuropidi,
785 781 893 845 omnia
922 781 985 844 sibi
1009 779 1156 844 timenda
1180 806 1252 845 csse

162 895 345 960 Phaniscns
371 895 436 961 hoc
463 893 602 987 quidem
627 894 706 961 loco
729 894 819 960 dicat
835 895 993 961 omnino?
1043 895 1135 960 Nihil
1156 897 1253 973 enim,
1335 973 1337 978 Α

163 1008 257 1104 quod
289 1009 355 1076 huc
388 1027 578 1101 spectaret,
612 1009 801 1102 protulerat
832 1035 950 1076 senex:
988 1010 1121 1102 quando
1156 1011 1253 1081 nimis

161 1126 318 1217 profecto
344 1124 416 1192 leve
442 1125 525 1191 illud
554 1143 621 1205 est,
661 1126 752 1217 quod
779 1130 892 1192 iamne
918 1121 991 1191 nbis
1017 1128 1252 1218 interrogaret.

160 1244 253 1335 Ergo
274 1243 340 1308 hoo
364 1241 475 1333 ipsum
500 1241 627 1308 indicio
654 1260 720 1322 est,
755 1242 861 1334 qualis
886 1242 1002 1334 paullo
1038 1260 1115 1307 ante
1137 1267 1252 1307 versus

162 1356 335 1424 exciderit.
395 1359 460 1440 Qui
484 1356 621 1450 quidem
647 1360 674 1423 si
700 1382 766 1424 non
793 1359 863 1438 soit,
889 1377 922 1424 at
945 1359 1056 1451 potuit
1079 1359 1134 1425 hic
1160 1382 1253 1424 esse:

264 1496 326 1539 rr.
351 1467 474 1554 Priore,
498 1467 698 1566 [se]q[ucre‚
724 1491 758 1538 te
783 1470 951 1562 dbsecro,]
979 1475 1044 1539 hoc
1061 1499 1122 1539 mc.
1176 1470 1251 1561 [rr.

661 1586 760 1680 tcirgo
786 1595 900 1656 timeo.
952 1614 1014 1658 rr.
1042 1585 1087 1655 nd
1112 1586 1220 1676 time]

260 1698 387 1779 Priore,
412 1708 527 1769 iamne
547 1698 645 1777 obis?
687 1728 746 1772 rr.
774 1705 917 1771 libertos
943 1731 970 1771 e.
995 1732 1028 1799 q.
1055 1731 1078 1771 s.

166 1820 289 1886 Secum
312 1845 376 1885 nno
400 1821 448 1884 ire
475 1820 677 1886 Phaniscum
702 1821 816 1902 iubet,
852 1842 888 1886 ut
913 1822 1036 1887 habeat
1068 1847 1134 1914 qno
1167 1840 1251 1891 teste

164 1953 274 2002 utatur
306 1937 341 2000 in
375 1935 580 2001 Tranionem
615 1937 679 2000 iam
713 1936 934 2003 consulturus.
999 1939 1058 2003 Eri
1098 1940 1250 2006 timorem

148 2075 251 2144 *puer
277 2068 457 2118 caussatur.
506 2053 597 2119 Leve
626 2053 691 2118 hoc
723 2077 795 2119 csse
824 2070 858 2119 et
883 2052 967 2118 nihil
987 2053 1172 2120 timendum
1198 2082 1250 2121 se-

165 2193 232 2234 nex
256 2165 470 2260 respondens
493 2168 624 2232 iamiam
650 2168 815 2235 facessere
839 2169 931 2234 illum
959 2169 1050 2235 videt
1077 2170 1252 2238 disceden-

167 2300 305 2377 temque
333 2284 383 2348 his
408 2284 520 2350 uerbis
548 2283 719 2350 inclamat:
743 2310 861 2376 puero,
889 2289 1002 2350 iamne
1028 2285 1130 2351 obis?
1163 2289 1253 2370 Quo-

164 2425 237 2467 rum
263 2400 347 2466 haec
372 2400 421 2467 vis
449 2417 507 2479 est,
532 2419 566 2466 ut
592 2402 714 2466 omisso
739 2402 804 2466 iam
832 2402 1010 2468 comitandi
1038 2402 1253 2470 consiliosal-

166 2534 233 2584 tem
259 2515 501 2610 aliquantisper
530 2517 627 2602 ctiam
654 2519 1044 2589 roumnerePhaniscum
1069 2518 1158 2597 velit,
1185 2546 1251 2612 quo

164 2631 296 2726 plenius
318 2657 432 2698 rerum
457 2658 475 2696 a
496 2633 667 2698 Tranioue
780 2660 855 2699 rum
880 2636 1042 2701 rationem
1060 2636 1252 2702 sciscitetur.

164 2752 254 2816 Puer
278 2764 386 2814 autem
409 2746 493 2813 illuc
518 2748 714 2840 respiciens,
737 2748 834 2841 quod
850 2749 1086 2842 Thcuropidcs
1109 2775 1153 2816 no
1173 2756 1254 2816 time

166 2863 313 2946 dixerat,
345 2863 443 2930 facile
469 2880 505 2928 tu
531 2861 693 2956 quidem,
719 2865 845 2956 inquit,
871 2865 961 2932 istud
989 2865 1091 2947 dicis,
1127 2868 1253 2960 quippe

165 2982 222 3074 qni
248 2982 321 3073 ipse
347 3005 495 3046 caussam
520 2981 647 3045 timoris
676 2979 801 3045 nullam
833 2982 977 3051 habeas:
1013 3010 1031 3048 a
1062 3010 1126 3076 qua
1152 2978 1252 3075 longe
1279 2992 1288 3018 ·’

164 3122 238 3165 mea
266 3095 420 3164 condicio
443 3094 552 3161 distat.
617 3097 775 3162 Poenulo
808 3100 911 3191 igitur
942 3124 1004 3190 pro
1041 3098 1141 3165 tutela
1167 3099 1254 3166 dicta

165 3231 307 3308 propter
332 3210 477 3301 tegendi
500 3215 594 3301 tergi
620 3213 814 3281 notionem:
854 3232 890 3279 ut
924 3239 966 3279 no
998 3238 1081 3306 opus
1118 3214 1253 3306 quidem

166 3332 208 3395 sit
229 3329 295 3394 huc
319 3328 418 3394 ascita
443 3326 546 3392 Nonii
567 3328 738 3393 notatione
763 3327 925 3420 quadam,
953 3355 1016 3422 qua
1043 3333 1070 3394 is
1095 3330 1256 3420 porculam

165 3445 211 3510 ait
235 3418 269 3536 Ρ
285 3439 367 3520 448,
383 3440 430 3510 ‘24
454 3441 592 3508 abusive
616 3439 680 3529 [ad
704 3442 939 3532 inserendum]
970 3469 1070 3511 omrre
1096 3444 1255 3538 quicquid

166 3564 259 3650 tegit
279 3557 481 3624 nobilissimi
505 3575 635 3624 veteres
650 3562 914 3628 transtulerunt.
954 3563 1055 3629 Cuius
1071 3587 1147 3628 usus
1164 3559 1254 3653 quod

167 3701 185 3742 e
211 3675 372 3742 Varronis
396 3674 510 3739 Manio
537 3673 728 3768 exemplum
753 3678 888 3768 posuit,
919 3702 958 3757 eo
994 3703 1060 3744 nou
1086 3674 1170 3741 illud
1193 3699 1255 3766 po-

168 3792 250 3870 tius,
289 3791 387 3856 etiam
409 3779 547 3882 figurate
575 3789 848 3872 dici‚·docetur,
888 3818 986 3885 quam
1015 3791 1186 3858 transferri
1214 3788 1256 3852 ad

167 3906 305 3974 aliarum
333 3905 484 3997 corporis
511 3907 654 3997 partium
681 3925 881 3999 tegumenta.

672 4115 700 4201 §-
727 4116 758 4182 3.

272 4263 430 4354 Denique
458 4287 476 4328 e
503 4264 527 4326 B
555 4287 691 4354 quoque
726 4287 830 4327 novus
857 4288 972 4326 versus
999 4263 1133 4354 prodit:
1173 4293 1257 4357 quac

171 4402 229 4447 res
257 4405 331 4448 cnm
357 4403 545 4446 caussarum
571 4404 694 4445 nexum
718 4377 833 4471 paullo
863 4380 1099 4446 intricatiorcm
1129 4382 1260 4462 habeat,

1316 4500 1417 4648 Ι
