2872 4942
395 394 537 459 sununs
560 396 799 442 renaurttutu.
1065 373 1135 444 593

53 581 179 662 quanto
206 560 250 633 de
276 563 398 649 studio,
426 563 483 650 ubi
508 579 543 632 tu
563 572 699 661 qnoque
725 565 768 633 ad
795 566 863 632 eius
884 567 1059 635 amicitiam
1076 566 1138 634 de-

55 682 126 750 diu
150 706 253 775 opera
278 699 310 748 te
336 668 580 774 applicaveris,
614 683 655 748 sit
686 681 912 776 amplexuros.
975 682 1138 750 Chremes

56 816 167 866 autem
194 796 303 863 eidem
330 798 476 864 Charino
502 796 731 890 respondens,
759 798 832 879 etsi,
856 797 984 890 inquit,
1006 796 1051 865 de
1073 798 1141 864 filia

11 914 16 921 ’
57 911 306 1007 despondenda
340 910 545 1005 aliquamdiu
579 914 639 980 tibi
673 935 746 978 sum
786 910 994 992 adversatus,
1032 930 1142 979 tamen

56 1030 130 1119 hoc
149 1053 219 1097 non
241 1027 408 1121 impediit,
436 1029 613 1121 quominus
636 1030 758 1095 bonam
782 1025 934 1094 indolem
953 1045 1042 1095 tuem
1057 1053 1143 1094 sem-

56 1168 124 1237 per
147 1160 362 1236 perspectam
387 1143 558 1209 haberem.
585 1144 625 1208 Ei
652 1145 704 1209 rei
728 1142 833 1209 fidem
855 1141 1028 1210 additurus
1047 1147 1144 1209 Pam-

51 1257 172 1354 philus
199 1284 259 1327 suo
285 1261 388 1352 ipsius
415 1258 570 1352 exemplo
596 1261 711 1325 utitur:
734 1285 812 1325 nam
838 1285 855 1324 a
878 1244 1064 1353 sh'quoque
1082 1285 1144 1352 per

59 1375 200 1470 aliquod
233 1395 364 1468 tempus
399 1373 546 1440 alienum
573 1375 791 1440 Chremetem
830 1391 941 1441 tamen
973 1376 1009 1440 in
1031 1398 1145 1441 veram

60 1492 229 1585 gratiam
222 1491 292 1556 sine
315 1513 407 1556 mora
433 1487 572 1555 redisse
614 1488 713 1572 Quod
741 1488 939 1554 confirmans
966 1513 1075 1568 senex,
1101 1491 1146 1555 ita

60 1623 121 1686 est,
143 1606 262 1698 inquit,
290 1622 324 1671 et
347 1606 494 1672 Charino
520 1604 619 1670 filiam
647 1630 722 1672 cum
745 1603 823 1670 dote
850 1603 1002 1697 spondet
1034 1607 1146 1697 Atque

60 1717 147 1787 haec
173 1719 286 1813 paullo
315 1720 449 1786 uberius
476 1718 725 1813 explicavimus,
749 1738 783 1785 ut
808 1718 916 1799 simul,
944 1745 1003 1787 eu1
1027 1747 1075 1788 vv.
1092 1725 1145 1791 18

62 1833 111 1904 19
136 1836 480 1928 transposuissemus‚
507 1852 696 1927 appareret.
747 1837 832 1902 Nam
857 1860 924 1901 non
950 1853 1063 1927 potest
1087 1862 1149 1903 no-

63 1967 132 2017 stra
155 1951 319 2018 sententia
344 1949 413 2017 ullo
441 1933 578 2017 artificio
612 1951 669 2016 hic
702 1948 785 2016 ordo
813 1974 969 2016 versuum
996 1951 1150 2019 defendi:

163 2065 322 2135 Studium
347 2064 474 2132 exinde
500 2081 537 2132 ut
562 2070 639 2145 erit,
665 2081 737 2131 tute
764 2069 1021 2133 existimaveris.

161 2183 210 2253 Id
233 2188 284 2250 ita
309 2208 395 2260 esse,
411 2187 541 2270 facere
565 2187 799 2248 coniecturum
825 2207 868 2248 ex
893 2209 945 2248 me
971 2184 1060 2250 licet.

162 2298 308 2369 Alienus
334 2299 378 2365 ab
404 2316 439 2365 te
467 2315 597 2375 tamen,
622 2303 681 2390 qui
701 2316 737 2364 tu
763 2322 866 2374 esses,
892 2324 1064 2368 noveram.

163 2414 225 2484 Ita
246 2440 302 2482 res
328 2432 390 2482 est.

63 2537 156 2619 Quos
183 2556 384 2627 quacunque
416 2534 543 2599 ratione
576 2529 716 2597 diversis
749 2531 902 2623 personis
927 2530 1148 2614 distribueris,

62 2676 163 2718 sanus
189 2667 221 2716 et
246 2647 390 2742 simplex
411 2672 515 2715 nexus
543 2649 783 2713 sententiarum
810 2645 1064 2715 desiderabitur
1105 2653 1151 2716 Vt

65 2767 158 2834 enim
192 2764 357 2832 secundus
399 2766 471 2869 e3‘ft
475 2763 525 2827 his
564 2787 677 2829 versus
712 2763 888 2855 Pamphilo
930 2766 1151 2844 continuetur,

62 2868 150 2978 quid
175 2879 308 2947 tandem
333 2878 404 2944 id
395 2902 505 2971 ipsum
535 2902 609 2951 esse
635 2876 793 2958 dieamus,
820 2878 913 2971 quod
941 2906 958 2945 e
983 2882 1150 2975 Pamphili

66 2997 236 3091 exemplo·
252 2995 413 3088 colligere
440 2993 605 3060 Charinus
631 2994 806 3072 iubeatur?
870 2996 1034 3065 Nimirum
1069 2997 1153 3080 fore,

50 3118 99 3184 'ut
119 3140 238 3208 magno
265 3138 341 3178 cum
366 3110 475 3178 studio
503 3110 665 3176 Chremes
691 3110 920 3204 amplectatur.
958 3114 1062 3207 Atqui
1079 3139 1148 3182 non

61 3234 130 3300 hoe
156 3231 266 3324 potius
287 3228 486 3319 vsuperiore
508 3222 606 3293 versu
641 3225 766 3292 dictum
798 3244 884 3307 erat,
920 3254 1019 3321 quam
1053 3229 1149 3309 illud,

62 3348 157 3443 quod
184 3349 244 3413 etsi
269 3347 303 3410 in
335 3340 475 3409 eandem
503 3343 701 3408 sententiam
727 3341 824 3422 valet,
850 3362 961 3409 tamen
982 3347 1148 3439 cogitandi

63 3469 171 3535 forma
203 3462 387 3556 plurimum
419 3457 603 3551 discrepat,
635 3457 749 3539 facile,
786 3457 884 3551 quale
918 3462 964 3527 tui
1000 3463 1146 3529 studium

62 3580 255 3652 Chremetis
277 3577 425 3642 futurum
450 3575 509 3656 sit,
552 3574 798 3642 existimaveris.
854 3575 982 3687 Quodsi
1007 3578 1145 3644 subiun-

63 3717 159 3794 gatur
185 3694 222 3762 id
247 3697 297 3759 ita
321 3715 418 3766 csse,
451 3689 517 3756 hoe
551 3687 746 3756 tantundem
779 3690 879 3755 luerit
904 3716 942 3757 ac
968 3706 1001 3757 te
1024 3696 1144 3761 existi-

21 3847 24 3853 *
63 3831 234 3884 maturum
252 3833 333 3888 esse,
360 3805 459 3900 quale
468 3807 633 3892 futurum
653 3809 699 3870 sit
722 3804 885 3871 studium:
912 3804 949 3872 id
974 3786 1067 3901 quod
1080 3812 1142 3877 ub-

10 4504 24 4541 ·
38 4495 42 4509 Ι

64 3928 203 3999 surdum
230 3945 286 3992 est.
344 3918 477 3988 Deinde
509 3937 546 3984 ut
580 3938 671 3985 recte
704 3921 837 3986 tertium
865 3945 996 3989 versum
1022 3923 1143 3993 infe1at

63 4047 241 4120 Chremes,
264 4060 372 4107 tamen
397 4036 490 4102 idem
515 4034 686 4128 quomodo
712 4036 821 4127 potuit
847 4033 1020 4133 deinceps,
1044 4042 1071 4108 si
1088 4067 1142 4110 sa·

61 4180 178 4258 peret,
218 4165 269 4225 ita
295 4181 350 4221 res
375 4171 426 4218 est
453 4150 629 4219 adiicere?
692 4151 782 4218 Haec
814 4169 928 4219 autem·
954 4157 1058 4224 verba
1084 4161 1143 4252 qui

59 4278 223 4373 proximis
250 4275 296 4340 sic
322 4272 442 4338 iunxit:
470 4270 530 4334 lta
553 4291 608 4334 res
637 4284 706 4331 est:
737 4284 882 4358 gnatum
905 4268 969 4336 tibi
992 4296 1020 4340 e.
1047 4300 1080 4369 q.
1107 4300 1143 4358 a,

65 4395 133 4461 dici
161 4392 280 4485 nequit
307 4412 410 4482 quam
447 4402 480 4451 et
505 4384 656 4451 inusitate
683 4400 715 4449 et
739 4385 854 4477 inepte
881 4383 1074 4478 loquentem
1091 4390 1146 4460 'le-

877 4499 924 4570 38

1243 4428 1248 4445 l

1322 4476 1326 4489 t
1343 4478 1347 4485 .

1126 4584 1129 4593 t
