2872 4942
182 375 254 450 345
414 405 443 445 v.
469 402 513 445 ar
540 399 645 445 tersa
672 402 839 446 recurunt
865 402 1034 447 rancore.

182 578 291 645 Serra.
318 576 343 658 l,
368 575 402 658 4,
428 573 476 647 94
514 575 607 663 (coll.
634 578 659 656 l,
689 581 744 656 10,
770 574 1105 660 55)ἰιιιιιιῑίοίιιωι
1130 574 1168 642 id
1184 579 1261 660 enim

180 691 377 760 scholiastae
404 691 593 785 prodidere
619 711 714 786 rapta
740 716 864 761 corona
874 690 968 781 ,loris
981 691 1165 785 Capitolini
1189 718 1259 760 con-

178 810 287 880 tineri.
311 810 355 875 At
382 811 470 875 enim
496 807 601 874 iidem
626 807 790 875 accidisse
816 807 901 874 illud
927 808 1066 899 Augusti
1090 826 1201 876 aetate
1218 827 1258 875 te-

97 948 116 971 ’·
177 930 321 1004 stanter,
359 926 451 990 cuius
471 925 614 991 amicitia
640 924 779 1005 sactum,
817 943 851 991 ut
885 923 1010 992 iudicio
1035 924 1259 1007 absolveretur

174 1038 336 1107 Petillius.
376 1038 416 1105 ld
440 1064 521 1106 vcro
548 1042 745 1106 Petersenus
772 1058 998 1107 commentum
1022 1064 1096 1107 esse
1123 1040 1257 1108 scholia·

149 1160 151 1165 ’
179 1171 301 1220 starum
339 1158 400 1235 ait,
437 1154 622 1222 eorundem
654 1154 812 1247 quidem,
845 1157 967 1248 quibus
992 1155 1097 1222 fidem
1122 1156 1167 1223 de
1191 1157 1255 1248 ipso

175 1270 265 1338 furto
291 1270 415 1337 habuit.
466 1269 536 1339 Sed
562 1288 673 1336 tamen
699 1273 764 1339 hoc
790 1289 827 1337 ut
850 1270 1040 1364 largiamur,
1075 1272 1253 1365 quidinde

176 1389 419 1454 consectarium
438 1386 481 1452 ad
498 1385 729 1452 definiendum
754 1404 884 1479 tempus
898 1391 929 1452 T
931 1387 1111 1454 rinummi?
1137 1387 1252 1481 Nempe

174 1499 218 1568 ule
246 1504 285 1568 iis
311 1528 383 1569 esse
398 1501 539 1568 Petilliis
567 1500 778 1593 cogitandum
802 1505 1000 1595 suspicatur,
1025 1504 1180 1595 quicum
1202 1505 1249 1569 tri-

174 1617 257 1683 buni
290 1617 403 1710 plebis
440 1637 552 1684 essent
583 1645 611 1683 a.
647 1615 719 1684 566
758 1620 806 1684 M.
841 1617 986 1685 Aemilio
1026 1618 1065 1684 C.
1101 1616 1248 1685 Flaminio

175 1735 287 1813 Coss„
320 1758 439 1825 magno
466 1734 619 1826 Scipioni
645 1734 851 1825 triumphum
878 1736 1008 1828 petenti
1033 1737 1181 1826 quamvis
1203 1760 1246 1800 ve·
1282 1817 1284 1826 Ι

174 1851 354 1916 hementer
379 1849 541 1917 adversati
567 1847 650 1914 nihil
676 1868 785 1916 tamen
812 1868 968 1942 agerent,
1006 1850 1068 1917 sed
1094 1876 1169 1917 cum
1192 1875 1245 1916 ma-

176 1988 241 2058 gno
266 1963 412 2032 invidiae
439 1963 693 2058 calumniaeque
727 1991 805 2030 suae
838 1963 985 2031 ludibrio
1013 1967 1161 2033 omnium
1181 1987 1244 2057 pro-

173 2081 244 2146 bris
272 2098 471 2146 vexarentur
494 2082 587 2148 Livio
615 2098 699 2147 teste
724 2080 962 2162 LXXXVIII,
1002 2106 1031 2148 c.
1054 2083 1103 2150 50
1128 2106 1200 2175 sqq.
1220 2096 1244 2145 et

174 2192 248 2264 Val.
271 2196 358 2265 Mar.
383 2196 443 2278 ΙΙΙ,
471 2199 503 2276 7,
529 2202 562 2264 1.
614 2196 705 2280 Quid
730 2197 859 2263 autem?
894 2199 964 2265 istis
998 2197 1101 2289 igitur
1125 2194 1243 2264 Petsslitt

178 2312 302 2378 fortine
331 2314 513 2406 quicquam
539 2313 719 2380 tribuitur?
745 2313 821 2380 Non
848 2313 1006 2381 hercles
1031 2314 1243 2406 scriptoribus,

174 2452 292 2514 rerum
328 2429 458 2496 hariolo
492 2448 609 2496 nostro
636 2431 663 2496 si
697 2429 883 2510 credimus,
917 2452 1054 2497 rumore
1079 2428 1196 2523 populi
1222 2441 1245 2490 et

92 2565 94 2570 '
174 2544 366 2638 aequalium
392 2545 552 2613 dicteriis.
588 2544 725 2614 Scilicet
751 2570 826 2612 cum
852 2547 933 2613 love
960 2546 1152 2640 Capitolino
1175 2566 1245 2613 con·

172 2679 325 2754 paratum
361 2684 434 2728 esse
469 2659 682 2752 Scipionem,
724 2686 798 2727 cum
832 2663 918 2727 lovis
950 2684 1074 2728 corona
1109 2679 1245 2728 coronam

175 2776 426 2868 triumphalem,
453 2775 544 2841 illam
572 2795 680 2844 autem
706 2775 810 2842 furari
834 2776 920 2843 velle
947 2776 1068 2857 dictos,
1096 2779 1155 2870 qui
1179 2776 1245 2841 hanc
1287 2823 1290 2831 .

176 2893 308 2984 eripere
328 2893 477 2985 Scipioni
496 2892 682 2963 studerent.
718 2892 809 2959 Haec
828 2895 895 2960 sive
919 2914 1011 2961 recte
1030 2920 1090 2961 seu
1106 2915 1244 2988 pervorse

175 3006 263 3074 dicta
279 3027 364 3088 sunt,
384 3027 487 3075 semet
502 3009 623 3074 fatetur
635 2987 849 3075 Peter'senius
863 3008 1014 3078 credere.
1042 3009 1184 3076 Sibimet
1198 3007 1244 3100 igi

172 3141 227 3190 tur
244 3122 372 3190 credat:
392 3125 609 3216 nequeenim
626 3122 808 3189 verendum
826 3142 875 3190 est
895 3149 937 3190 ne
955 3143 1019 3191 tam
1035 3127 1119 3190 mira
1136 3124 1244 3192 somnia

172 3237 244 3304 aliis
262 3262 407 3331 unquam
427 3238 637 3331 persuadeat.
664 3245 731 3305 Aut
747 3242 833 3305 euim
845 3235 919 3306 'hoc
935 3259 984 3305 est
996 3238 1192 3316 hallucinari
1204 3251 1246 3304 aut

172 3351 265 3416 nihil.
309 3355 351 3419 Et
371 3355 468 3419 nobis
489 3352 611 3420 ficticia
635 3352 846 3420 videriolim
869 3355 1125 3447 significavimus
1149 3351 1245 3422 Musei

170 3464 286 3559 philol.
320 3493 337 3532 a
360 3469 458 3534 nobis
483 3468 739 3561 Welelceroque
761 3469 844 3535 editi
873 3469 936 3537 vol.
958 3470 995 3550 Ι,
1023 3497 1055 3563 p.
1075 3473 1124 3540 33
1146 3471 1249 3563 (supra

168 3607 203 3675 p.
227 3581 307 3650 256.
326 3581 378 3650 cll.
403 3581 500 3668 233.)
533 3585 655 3677 Neque
672 3585 764 3660 effi.
783 3586 975 3652 Hermanno
993 3575 1168 3678 persuasit
1191 3582 1248 3667 Qui

169 3723 248 3764 cum
274 3722 342 3762 non
368 3722 441 3762 eum
461 3698 568 3764 videri
584 3699 734 3766 Plautum
763 3701 862 3767 luisse
878 3702 1047 3766 monuerit
1062 3703 1096 3766 iu
1115 3703 1245 3795 Ephem.

164 3813 225 3882 litt.
251 3813 325 3879 Hal.
352 3840 378 3878 a.
408 3817 502 3886 1838
529 3840 570 3879 nt.
598 3817 667 3881 lun.
694 3843 726 3908 p.
747 3816 826 3896 136,
868 3819 925 3910 qui
952 3820 1173 3909 optimatibus.
1192 3841 1245 3910 po-

166 3932 327 3995 tissimum
354 3930 481 3996 savcret
506 3933 695 4023 horumque
719 3932 925 3998 adversarios
951 3934 1072 4000 acerbe
1090 3935 1244 4026 perstrin-

87 4060 89 4065 '
165 4067 274 4138 geret:
310 4073 370 4114 nos
405 4047 541 4140 quidem
580 4051 724 4115 certiore
753 4053 851 4115 etiam
876 4070 1070 4144 argumento
1097 4053 1165 4118 hoc
1189 4049 1244 4114 uti·

165 4186 248 4240 mur,
274 4164 377 4256 quotl,
404 4167 430 4229 si
459 4163 508 4228 vel
537 4165 676 4228 maxime
704 4165 897 4256 probabiles
925 4167 989 4231 sint
1014 4165 1168 4258 reliquae
1189 4168 1242 4230 Pe-

160 4280 281 4341 terseui
308 4283 531 4357 coniecturae,
558 4301 669 4346 tauron
697 4281 789 4348 nullo
816 4282 916 4347 modo
942 4282 1033 4348 idem
1057 4283 1175 4348 haberi
1194 4282 1239 4345 Li-

161 4391 273 4458 vianna
290 4394 553 4488 Hor'a'tianusque
579 4397 727 4464 Petillios
756 4401 911 4491 potuerit.
939 4403 1020 4493 Naum
1034 4401 1238 4493 Capitolinus
