2872 4942
160 339 233 417 378
543 360 586 403 rr.
612 359 653 401 nra
679 356 855 400 verentem
1094 336 1139 411 st

160 532 321 605 Archelai
343 533 524 628 Vectiique
556 527 798 615 Philocomi*)
785 444 1234 645 ),Ναονίαιιαεριιπ1ωε,

161 649 353 721 Lucilianae
378 651 488 744 poesis
513 649 746 741 interpretum.

672 913 701 1000 l·
725 913 759 984 9·
824 1001 827 1007 4
1121 944 1176 1033 -q

262 1112 464 1181 Accedimus
485 1111 529 1179 ad
553 1113 625 1206 ipsa
651 1062 966 1180 commentario&
990 1112 1175 1205 fragmenta
1196 1111 1240 1178 si-

165 1254 299 1297 sennas.
455 1238 486 1297 *s
1009 1210 1012 1217 ¹

264 1342 327 1434 (1.)
365 1345 513 1441 Pertinet
531 1345 651 1441 *prima
684 1350 852 1414 annotatio
886 1345 930 1412 ad
952 1346 1127 1414 Hannonis
1150 1338 1242 1412 νῶι

166 1445 308 1529 Poenuli
333 1461 375 1541 V,
403 1466 441 1539 1,
467 1452 500 1529 l.
545 1460 735 1529 Halonium
762 1480 870 1549 antem
903 1486 970 1528 non
1006 1478 1057 1529 est
1091 1458 1241 1538 credibile

167 1578 341 1646 Sisennam
365 1558 566 1669 scripsisse,
591 1579 684 1644 cuins
710 1579 792 1646 haee
818 1579 927 1671 potius
953 1578 1101 1644 fuerint:
1143 1574 1178 1644 A
1186 1575 1241 1641 lo-

168 1698 215 1760 ni
222 1689 279 1781 m]
304 1693 412 1759 alon
447 1686 563 1761 Poeni
591 1693 711 1760 dieunt
745 1694 855 1760 deum.
904 1695 942 1759 ln
979 1694 1162 1786 proximis,
1189 1687 1242 1756 nisi

168 1808 254 1876 forte
280 1807 377 1900 plura
403 1810 532 1876 turbata
551 1828 636 1890 sont,
662 1812 776 1878 nescio
800 1837 841 1877 an
866 1808 948 1878 ferri
971 1811 1096 1903 possit:
1120 1824 1156 1875 et
1172 1830 1241 1900 pro-

167 1923 362 1992 ducendam
385 1925 553 2014 syllabam
579 1931 682 1992 metri
706 1933 825 2018 gratia
850 1932 960 2020 exigit
985 1925 1127 1994 iambus.
1167 1926 1239 1992 llaec

169 2059 278 2107 antem
302 2064 372 2108 non
397 2040 494 2108 video
522 2065 588 2134 quo
606 2061 758 2135 spectare
771 2045 901 2136 possint
917 2044 980 2108 nisi
995 2041 1040 2109 ad
1058 2040 1240 2136 productam

170 2157 301 2223 alonim
326 2158 416 2225 vocis
440 2157 768 2249 antepaenultimam.
798 2160 848 2226 Ao
875 2157 1057 2251 descripsit
1083 2155 1239 2248 certensi

171 2273 215 2341 de
252 2275 385 2342 Punicis
419 2274 579 2342 Plautinis
617 2300 728 2369 nuper
760 2293 997 2343 commentatus
1033 2293 1094 2357 est,
1121 2273 1239 2343 Werios

173 2415 208 2483 p.
236 2393 283 2460 ‘20
307 2391 478 2458 Hannonis
504 2391 605 2457 verba
629 2390 673 2457 ad
699 2393 919 2460 iambicornm
941 2415 1157 2459 numerorum
1177 2410 1240 2459 nor·

175 2533 265 2575 mam
291 2505 356 2575 hoo
384 2505 557 2598 exemplo:

521 2656 713 2710 ψ-Ιψ-
742 2657 935 2710 ψ-’.ψ-

496 2739 567 2829 ytlr
592 2739 720 2804 alonim
747 2740 938 2805 vealonntlt.

178 2871 277 2955 Quod
301 2873 327 2939 si
351 2874 396 2937 ita
417 2871 532 2938 r'evera
548 2874 728 2938 instituerit
743 2891 853 2964 poeta,
875 2889 1015 2964 apparet
1036 2872 1163 2937 alonim
1181 2887 1240 2933 voce

179 2989 401 3054 Romanorum
426 3012 522 3052 aures
548 3006 693 3053 assuetas
717 2988 815 3053 luisse
842 2989 883 3054 ita
911 2988 1134 3080 pronuntiata,
1160 3001 1241 3050 utac-

181 3121 295 3181 centus
332 3105 362 3170 vi
400 3105 434 3168 in
462 3101 611 3195 ultimam
634 3098 808 3197 ⁴syllabam
845 3103 993 3171 cadentis
1030 3103 1116 3170 duae
1138 3103 1241 3196 priores

180 3220 445 3312 corriperentur:
472 3236 609 3311 prorsus
636 3238 672 3285 nt
697 3220 734 3286 fit
751 3223 784 3285 in
807 3217 1039 3287 Hebraeorum
1068 3211 1242 3296 eloltim”)·

182 3340 288 3421 Quam
315 3353 423 3410 autem
448 3338 609 3405 vellemus
637 3364 675 3404 ex
701 3340 901 3404 Punicorum
936 3337 1071 3404 illorum
1100 3341 1244 3427 interpre-

182 3453 306 3520 tatione
332 3453 495 3520 Sisennae
522 3453 620 3546 plura
646 3474 772 3521 servata
799 3473 916 3520 essent.

277 3565 339 3655 (li.)
368 3570 405 3634 In
428 3568 581 3636 Rudente
609 3572 748 3638 Sisenna
764 3574 844 3658 fnit
870 3572 1023 3663 repperit
1035 3566 1177 3639 extenta
1190 3566 1244 3663 pri·

184 3711 239 3753 ma
265 3684 399 3776 syllaba
425 3692 526 3753 metri
551 3713 671 3753 cansa:
698 3690 745 3758 sic
774 3690 861 3754 enim
885 3688 1131 3780 corrigendum.
1157 3688 1243 3776 Atque

184 3803 219 3869 iu
245 3801 374 3868 Veneta
402 3800 550 3890 qiitione
578 3821 628 3869 est
651 3807 790 3870 extrita.
838 3804 1187 3896 Circumspiciantibus
1205 3823 1244 3863 au·

194 4012 504 4022 W-*w

238 4131 263 4195 a)
295 4128 421 4196 Vectiique
440 4127 598 4191 Pltiloeomi,
616 4143 666 4176 nou
693 4128 779 4189 Vectii,
798 4128 826 4190 Q.
850 4126 1003 4189 Philocrati,
1034 4128 1058 4177 id
1078 4125 1144 4195 quod
1162 4124 1242 4173 nerim·

293 4218 428 4266 stravimus
457 4232 481 4282 p.
504 4215 561 4266 195.
602 4213 669 4265 illud
698 4217 790 4265 mirere
814 4215 889 4265 etiarn
908 4215 1131 4282 diligentissimum
1149 4204 1243 4264 onitin

293 4318 412 4353 servasse
434 4304 531 4354 Horatii
549 4302 602 4354 vol.
620 4302 653 4365 ll,
673 4317 697 4368 p.
722 4304 779 4354 185.

235 4389 275 4455 ”J
295 4392 437 4442 assentitur
452 4391 557 4442 Woxius
577 4391 641 4443 iiius.
662 4371 753 4458 philol.
772 4388 825 4441 vol.
840 4389 872 4453 11,
890 4405 916 4456 pr
938 4391 986 4443 131
1007 4407 1038 4459 sq
1065 4390 1104 4443 Ci.
1124 4390 1154 4440 ib.
1173 4370 1245 4450 plil-
