2872 4942
509 343 624 390 rervm
650 343 917 391 ruruuruurmvs.
1183 324 1253 405 371

165 543 209 586 ea
237 536 272 586 et
298 519 465 594 calamum
488 519 574 587 addi
594 519 695 588 iubet.
720 519 808 587 Ideo
834 519 974 611 quidam
987 527 1172 591 aromatite
1197 525 1258 592 de·

165 638 315 704 luctatos
340 641 486 703 maxime
511 637 665 705 credunt.
716 636 788 704 Sed
819 637 947 705 Fabius
980 640 1182 707 Dossennus
1207 641 1261 711 ln's

168 751 321 818 uersibus
345 751 518 818 decernit:
564 751 741 825 Mittebem
766 753 878 820 vinum
904 752 1077 844 pulcrum,
1114 756 1261 823 mumhi-

165 894 256 948 nam,
283 870 379 935 euin
402 864 651 937 Acharistione.
672 865 718 956 *):
744 871 866 935 Panem
893 886 926 934 et
950 866 1130 960 polentam,
1148 872 1262 937 vinum

162 984 385 1055 mnrrhinam.
438 983 639 1052 Scaevolam
664 1007 795 1076 quoque
823 999 857 1049 et
880 983 1035 1051 Laelium
1058 980 1258 1055 etAtteium

167 1101 375 1192 Capitonem
403 1103 440 1165 in
466 1099 588 1166 eadem
611 1104 787 1167 sententia
809 1102 920 1180 fuisse
947 1098 1064 1180 video,
1098 1105 1261 1191 quoniam

167 1220 208 1282 in
232 1211 407 1284 Pseudolo
432 1220 495 1284 sit:
542 1216 641 1300 Quod
676 1218 703 1282 si
731 1240 815 1308 opus
841 1216 915 1295 siet,
936 1232 977 1280 ut
1001 1214 1102 1282 dulce
1127 1235 1262 1310 promat

165 1329 334 1407 indidem,
364 1330 487 1423 ecquid
513 1332 640 1399 habeti
669 1354 764 1399 curn.
790 1331 915 1424 roges?
940 1331 1165 1413 Murrhinum,
1184 1359 1263 1426 pas-

166 1473 253 1528 sum,
282 1445 462 1524 defrutum,
489 1446 597 1513 mella.
652 1445 780 1537 Quibus
802 1462 945 1538 apparet
968 1470 1041 1512 non
1064 1451 1157 1514 inter
1183 1453 1263 1515 vina

167 1561 271 1629 modo
294 1561 519 1638 murrbinam,
541 1559 608 1627 sed
625 1568 718 1629 iuter
740 1561 855 1628 dulcia
880 1587 1011 1655 quoque
1030 1568 1261 1642 nominatum.

165 1678 322 1746 Alterum
350 1679 475 1756 XVIII,
501 1679 521 1766 §
547 1683 614 1748 107
643 1679 708 1745 hoc
736 1695 802 1744 est:
823 1674 1011 1882 frtoptam
1029 1680 1176 1747 Plautus
1199 1704 1262 1772 ap-

164 1794 272 1886 pellat
286 1798 321 1860 iu
339 1790 472 1880 fabula
487 1817 588 1885 quam
602 1782 825 1862 Aululariarii'
852 1787 1059 1886 in]scripsit,
1073 1820 1203 1887 magna
1219 1795 1262 1862 ob

165 1910 204 1978 id
230 1913 491 1978 concertatione
514 1908 748 1985 eruditorum,
779 1935 828 1975 an
866 1913 895 1976 is
930 1935 1045 1977 versus
1066 1926 1191 2003 poetae
1215 1916 1274 1979 sit'

163 2029 277 2104 itliu-
302 2043 495 2116 certumque
509 2023 561 2116 fit
587 2020 698 2093 Atteii
713 2026 892 2116 Capitonis
916 2031 1104 2107 sententia,
1131 2051 1257 2120 coquos

166 2161 241 2211 tum
261 2166 390 2235 panem
415 2139 619 2209 lautioribus
634 2164 777 2234 coquere
794 2141 926 2217 solitos,
950 2146 1162 2234 pistoresque
1178 2159 1260 2208 tan-

165 2275 237 2328 tum
262 2283 321 2323 eos
345 2261 405 2347 qui
417 2260 489 2343 far
510 2255 696 2348 pinsebant
724 2260 922 2322 nominatos
946 2254 1002 2341 **).
1035 2259 1110 2325 Nec
1135 2281 1261 2351 coquos

169 2399 251 2442 vero
276 2372 450 2441 habebant
475 2376 513 2450 iu
538 2377 711 2448 servitiis,
748 2396 871 2465 eosque
897 2396 942 2439 en
963 2372 1104 2439 macello
1130 2375 1262 2443 condu-

154 2490 313 2561 'cebants
352 2490 466 2582 Atque
503 2489 568 2557 hoc
603 2488 680 2556 loco
714 2514 758 2555 ne
790 2487 917 2557 dictum
945 2507 995 2556 est
1019 2489 1179 2582 quidem,
1214 2489 1259 2563 ad

164 2606 351 2676 Plautinum
386 2603 529 2672 fabulam
559 2603 611 2672 vel
639 2623 768 2674 certum
795 2603 964 2671 Plautinae
989 2603 1119 2676 subulae
1143 2630 1259 2677 exem..

164 2722 262 2818 plum
286 2739 454 2814 spectasse
479 2721 569 2787 Ateii
594 2720 806 2787 sententiam.
857 2719 958 2805 Quod
985 2722 1046 2789 etsi
1067 2721 1156 2789 cadit
1175 2749 1257 2793 sane
1342 2811 1349 2824 ο

163 2841 200 2907 in
226 2839 393 2933 priorem,
433 2853 542 2902 tamen
568 2861 668 2929 aegre
691 2835 924 2928 intelligimus,
958 2862 1018 2903 cur
1041 2862 1160 2930 parum
1192 2840 1257 2908 sihi

165 2956 353 3026 constiterit
375 2953 530 3019 Osannns
563 2977 626 3019 nec
648 2951 703 3019 vel
730 2952 917 3044 quemlibet
940 2954 1161 3045 scriptorem,
1196 2959 1256 3049 qui

162 3071 318 3139 Plautino
359 3066 516 3159 exemplo
544 3066 729 3159 quemlihet
753 3070 954 3134 sententiam
981 3068 1179 3136 confirmare
1204 3073 1257 3136 in·

162 3188 284 3272 stituit,
324 3182 377 3251 vel
408 3202 497 3250 certe
534 3182 728 3250 Scaevolam
763 3207 898 3275 quoque
923 3184 1019 3249 Ateio
1045 3184 1196 3252 iunctum
1223 3204 1256 3254 et

146 3303 259 3371 illum
288 3303 356 3367 sive
391 3297 543 3365 Laelium
580 3301 648 3364 sive
674 3299 807 3366 Aelium
830 3315 1077 3365 commentatos
1110 3297 1183 3365 esse
1217 3301 1254 3391 in

157 3419 316 3484 Plautum
342 3415 474 3481 dixerit.
526 3414 685 3480 Ceterum
712 3438 779 3480 non
803 3430 915 3505 potest
936 3439 1011 3482 meo
1037 3413 1162 3482 iudicio
1190 3414 1254 3484 du·
1308 3456 1312 3461 -

157 3534 272 3613 bituri
297 3534 379 3624 quin
398 3556 460 3596 uec
476 3530 639 3609 Laelium,
663 3556 728 3597 nce
751 3531 790 3597 L.
815 3528 960 3610 Aelium,
987 3529 1079 3624 quod
1093 3528 1252 3622 placebat

157 3647 330 3727 Hensdio,
365 3644 425 3713 sed
455 3641 590 3712 Aelium
623 3644 820 3738 simpliciter
849 3642 975 3711 Plinius
1010 3647 1180 3738 posuerit,
1215 3662 1252 3713 ut

153 3766 320 3858 scriptum
347 3786 417 3827 esse
444 3761 479 3824 in
499 3759 672 3827 codicibus
699 3761 849 3852 episcopi
871 3759 1054 3826 Aleriensis
1081 3786 1099 3827 e
1126 3764 1250 3828 Rezzo-

153 3883 235 3949 nico
260 3894 398 3946 testetur
424 3875 583 3970 Silligius.
611 3878 691 3960 Quis
715 3879 803 3942 enim
820 3876 863 3941 ita
880 3879 1140 3969 grammaticum,
1167 3903 1249 3968 quu-

154 4000 198 4066 lis
224 3994 284 4062 ille
317 3994 376 4061 fuir
412 3994 450 4058 L.
476 3991 591 4058 Aelius
618 3992 870 4084 cognominibus
903 3988 986 4069 suto
1014 4011 1048 4058 ct
1068 3995 1246 4061 Praeconi-

206 4287 234 4349 ‘J‘
259 4282 325 4334 Vide
344 4267 422 4344 supra
439 4255 566 4341 disputata
586 4287 611 4338 p.
634 4270 691 4323 105.

190 4375 232 4440 “J
262 4368 318 4420 lloe
337 4364 468 4432 tetigImus
488 4376 514 4427 p.
535 4357 597 4411 tot.
