2872 4942
515 381 704 428 PRAEFATIO·
1107 388 1170 431 XXV

66 560 170 657 poris
205 555 394 647 intervallo·
418 584 445 624 a
474 559 592 626 uotiuis
625 555 692 624 illis
723 556 900 638 distantes,
938 583 1075 651 prorsus
1100 583 1171 627 nou

69 652 211 731 dulii'to·
226 658 306 750 quin
336 652 410 723 crim
432 656 484 722 his
511 657 592 749 ipsis
619 659 695 723 satis
721 656 861 750 proclivi
882 683 999 725 errore
1017 656 1170 725 Valerius

70 742 262 825 miicuerit.
315 755 445 838 Quodsi
480 780 548 821 non
574 754 626 849 ad²
643 757 785 848 primam
811 759 1033 843 secessionem
1057 756 1170 850 plebis

69 856 272 948 interpretis
296 855 443 921 Tulliani
468 844 572 921 verba
597 854 764 921 rettuleris
778 882 851 923 cum
870 848 1083 953 Goettllpgio,
1109 855 1171 922 sed

71 955 120 1023 ad
144 955 295 1033 alteram,
323 978 409 1046 quae
427 950 500 1055 ssfpit
521 979 548 1019 a.
574 950 646 1022 304
670 952 728 1040 (de
742 979 820 1049 ¹quo
834 956 890 1021 hic
903 954 1070 1023 disserere
1084 952 1168 1021 nihil

76 1051 231 1138 attinet):
256 1050 361 1118 multo
383 1053 480 1118 ctiam
505 1053 653 1144 apertior
675 1066 771 1135 error
784 1054 975 1120 estValerii.
989 1088 1039 1101 -
1057 1057 1169 1138 Quan-

84 1140 184 1246 q⁸uam
217 1146 299 1244 quid
332 1151 451 1243 longus
483 1175 555 1217 sum
590 1144 799 1218 conii'ciendo
834 1152 1168 1246 interpretandoque,

87 1276 160 1320 cum
186 1251 378 1342 gravissima
404 1267 537 1343 praesto
565 1251 608 1314 sit
631 1251 802 1318 Ciceronis
830 1253 1017 1333 auctoritas,
1043 1251 1170 1343 planis·
1269 1266 1278 1281 '

82 1352 174 1417 simis
200 1350 309 1416 verbis
335 1348 434 1415 ludos
460 1352 588 1417 votivos
614 1354 780 1414 maximos
805 1352 1017 1418 memorantis
1034 1375 1169 1416 ornnes-

78 1428 148 1544 ᾖε
174 1449 364 1527 historicos,
396 1432 532 1527 Fabios,
568 1448 712 1525 Gallias,
737 1448 800 1514 sed
820 1454 980 1540 proxima
1004 1450 1167 1530 Caelium,

78 1548 284 1627 antestantis,
318 1572 462 1638 remque
495 1546 680 1613 universam
712 1546 813 1639 longe
847 1550 995 1615 omnium
1023 1548 1169 1640 diligen·

80 1649 208 1714 tissime
229 1647 484 1738 perscribentis.
520 1648 562 1712 Et
579 1665 714 1738 praeter
733 1666 860 1715 ceteros
877 1647 1015 1741 quidem
1035 1650 1167 1726 Cicero,

80 1747 216 1836 ut·ipse
240 1746 301 1825 ait,
329 1743 480 1810 Caelium
510 1762 558 1810 cst
584 1764 752 1813 auctorem
775 1765 926 1851 sceptus:
950 1745 991 1834 (ὅ.
1018 1734 1168 1814 οηὶηἶῦὂ

77 1847 194 1937 pergit
224 1861 262 1909 ut
297 1849 459 1936 scriptum
493 1843 586 1935 apud
615 1843 759 1910 eundem
788 1847 939 1912 Caelium
964 1844 1045 1931 θεῖε)
1074 1845 1168 1939 quod

79 1962 206 2009 contra·
233 1940 422 2035 Dionydlus,
453 1959 536 2027 ute
572 1970 643 2036 cap·
666 1949 709 2015 71
745 1943 877 2011 videtur
908 1944 1020 2039 colligi
1053 1969 1167 2038 posse,
1201 1989 1206 1997 ·

80 2067 100 2108 e
129 2043 169 2125 Q
189 2043 284 2107 Fabii
306 2041 374 2107 fide
398 2039 573 2133 pependit.
624 2041 711 2108 Vide
737 2061 857 2125 autom,
893 2069 991 2136 quam
1017 2044 1106 2109 inter
1130 2029 1168 2110 ie

81 2142 206 2208 Cicero
229 2159 263 2206 et
276 2140 455 2232 Dionysius
483 2143 698 2221 consentiant,
721 2166 863 2233 quorum
884 2143 1024 2209 hicnon
1042 2159 1168 2208 tantum
1246 2140 1265 2149 ”

78 2259 119 2307 ut
150 2237 209 2305 ille
241 2243 371 2305 votivos
403 2237 501 2306 ludos
528 2240 740 2333 simpliciter,
772 2240 832 2307 sed
861 2242 1041 2315 accuratius
1067 2241 1167 2307 etiam

79 2340 190 2405 aba.
217 2339 387 2404 Postumio
415 2337 574 2406 dictatore
597 2357 690 2406 votos
717 2334 794 2407 l.c.'
806 2340 973 2431 perhibet,
1008 2363 1064 2406 eos
1091 2338 1167 2432 qui-

82 2439 165 2504 dem
200 2436 310 2516 ludos,
336 2461 439 2529 ·quos
474 2462 534 2505 cur
561 2455 594 2504 ct
628 2437 761 2530 quando
797 2439 982 2506 Postumius
1014 2439 1167 2517 vovisset,

80 2539 159 2626 ipsc
181 2536 240 2616 vl,
268 2538 311 2604 10
342 2552 543 2606 narraverat.
593 2538 702 2603 Maior
727 2557 837 2605 autem
864 2537 1039 2604 Ciceronis
1066 2562 1168 2630 quam

84 2633 294 2724 reliquorum
317 2637 462 2716 testium,
485 2637 581 2702 etiam
596 2635 755 2728 Dionysii,
783 2636 953 2730 diligentia
979 2639 1014 2702 in
1032 2661 1072 2704 eo
1089 2661 1169 2703 con-

89 2732 243 2821 spicitur‚
267 2732 354 2825 quod
379 2733 454 2800 illos
480 2732 577 2800 ludos
602 2758 670 2801 non
689 2734 802 2817 semel,
828 2735 886 2802 sed
904 2737 956 2802 his
973 2737 1169 2802 instauratos

88 2856 168 2896 esse
194 2828 300 2898 docet
332 2834 414 2899 Nam
441 2835 584 2925 primum
608 2833 811 2901 intermissos
838 2833 919 2901 dicit
940 2833 1105 2900 simillima
1125 2831 1170 2899 dc

83 2955 201 2996 caussa
224 2946 320 3024 atque
343 2957 381 2997 ea
405 2932 476 3012 fuit,
498 2958 595 3024 quam
616 2934 734 3000 Festus
751 2960 784 3025 p.
797 2934 894 2998 XXII
907 2960 926 2999 a
940 2935 1036 3000 nobis
1052 2932 1168 2999 allatus

82 3028 239 3120 prodidit
264 3029 307 3097 de
326 3028 593 3122 Apollinaribus:
619 3036 738 3098 civitas
763 3031 811 3098 ad
835 3056 932 3099 arma
957 3049 1097 3126 repente
1118 3047 1170 3097 est

86 3133 254 3194 excitata.
292 3133 437 3221 Propter
466 3129 503 3196 id
535 3134 757 3197 instaurativi
780 3136 959 3198 constituti
977 3148 1075 3198 sunt:
1112 3134 1171 3222 qui

85 3244 275 3321 antequam
297 3227 441 3321 fierent,
478 3228 598 3296 *incidit
620 3232 783 3298 somnium
808 3230 911 3299 illud:
949 3256 967 3297 c
994 3257 1061 3325 quo
1088 3255 1170 3298 con·

88 3349 231 3418 sequens
259 3326 330 3405 fuit,
356 3338 400 3393 nt'
416 3326 490 3393 ludi
509 3328 560 3394 illi
583 3333 735 3395 iterum
751 3335 1043 3407 instaurarentur,
1068 3347 1105 3395 ut
1121 3345 1172 3397 est

89 3423 179 3515 apud
209 3426 421 3493 Ciceronem.
456 3426 556 3496 Vnde
593 3427 790 3522 intelligitur
827 3447 985 3523 quantum
1021 3431 1172 3508 errarint,

90 3524 149 3614 qui
179 3542 320 3617 propter
352 3527 458 3617 prima
492 3526 665 3594 Ciceronis
701 3530 781 3596 lsaec
815 3529 929 3594 verba:
970 3530 1054 3595 Cum
1079 3524 1171 3594 ¹bello

87 3623 199 3689 latino
237 3624 312 3690 ludi
351 3630 455 3691 votivi
494 3630 635 3692 rrraoeimi
668 3632 741 3718 pri
748 3651 850 3692 mum
876 3625 1021 3719 fiarent,
1055 3631 1171 3695 Postu-³

85 3723 147 3786 mii
184 3723 261 3792 illos
300 3721 398 3790 ludos
432 3727 579 3792 omnium
610 3729 794 3793 votivorum
826 3727 952 3819 primos
986 3727 1086 3793 luisse
1119 3752 1173 3791 ar·

85 3810 217 3902 niuali,
251 3825 385 3888 omnino
420 3825 580 3890 exstitisse
607 3826 730 3892 votivos
754 3841 829 3890 ante
856 3851 882 3890 a.
909 3824 979 3895 263
1005 3840 1195 3917 negarent

86 3920 128 3984 In
152 3945 296 4014 quorum
323 3946 463 3989 numero
490 3923 586 3990 video
614 3926 710 3990 etiam
728 3924 945 3992 Wertlrcrum
971 3949 1055 4003 esse,
1082 3925 1174 3991 cuius

85 4022 404 4088 commentationem
424 4019 466 4086 de
480 4023 683 4090 circensibus
701 4048 812 4115 nuper
832 4020 954 4087 editam
969 4024 1059 4114 tetigi
1073 4041 1174 4115 pm

83 4142 137 4211 sq.
153 4136 233 4198 ¹291.
256 4138 378 4186 annott.
418 4119 523 4188 lmmo
549 4140 765 4213 opponuntur
779 4126 1030 4211 primamfacti
1043 4118 1174 4190 iud'tau-

83 4221 209 4285 rativis
244 4220 323 4289 lue.
351 4218 495 4310 primum
531 4221 726 4297 instauratis,
760 4222 810 4288 his
840 4240 949 4288 autem
981 4224 1103 4288 iterum
1123 4227 1177 4289 iu-

81 4323 245 4387 staurati.
262 4317 384 4403 'Quod
412 4335 522 4385 autem
548 4320 743 4389 instauratos
759 4346 829 4388 esse
852 4337 964 4389 totos
986 4347 1004 4387 c
1022 4322 1173 4414 Dionysii
