2872 4942
382 328 406 370 ι.
436 330 479 372 us
505 329 621 372 ausari
650 326 776 372 conon
804 328 994 372 nourrius.
1197 305 1244 375 33

179 494 224 565 lun
246 495 427 592 generibus
455 493 619 590 dispertit,
645 500 757 562 miuus
751 499 909 587 apertis
934 495 1093 561 Ennianis
1108 519 1145 563 ea
1170 494 1245 563 iun-

172 639 264 731 gens,
295 639 382 706 quae
382 602 540 706 longius
567 613 664 678 etiam
690 637 708 676 a
735 609 978 678 consuetudine
1002 628 1036 677 et
1060 613 1247 703 perspicui-

171 745 224 797 tate
244 706 390 807 ailiena
375 743 513 795 insueta
537 725 688 820 appellat
713 723 765 810 ):
789 724 899 818 qualia
927 745 1004 794 sunt
1028 750 1095 792 non
1121 751 1140 790 a
1166 750 1249 818 qua·

171 843 356 936 (imperium
382 843 542 920 vocibus,
567 839 679 921 vituli,
706 841 820 923 bovis,
854 838 985 922 leonis,
1013 840 1115 907 haedi
1140 841 1250 919 dueta,
1313 926 1317 937 .

167 958 229 1039 aad„
245 958 290 1025 ab
316 954 518 1024 avicularum
545 974 643 1022 cantu
659 953 784 1035 tralata,
800 958 1012 1041 fritinnit&
1018 959 1250 1046 fringuttire,

167 1072 333 1139 rmillas-a
371 1074 423 1189 Ε)
434 1090 511 1138 sunt
536 1071 622 1137 haec
647 1096 727 1137 sane
755 1096 816 1137 usu
840 1095 992 1162 perraro,
1021 1089 1056 1138 ut
1079 1083 1184 1138 reete'
1199 1074 1252 1139 in-

166 1180 257 1254 solita¹
283 1168 398 1268 dicas,
433 1187 462 1253 si
494 1210 570 1253 cum
599 1184 665 1251 illis
693 1209 867 1276 compares
894 1211 980 1278 quae
1007 1187 1253 1264 scutulatum,

165 1288 311 1393 migire,
333 1300 454 1377 boare,
467 1303 641 1388 fremere,
669 1305 797 1391 vagire

660 1516 693 1606 §-
722 1519 753 1588 7.

258 1688 364 1779 Vnde
390 1689 500 1783 igitur,
526 1688 611 1756 haec
638 1689 746 1755 omnia
775 1691 802 1755 si
828 1690 872 1754 ita
897 1712 932 1755 se
966 1689 1100 1777 habent,
1132 1712 1258 1785 prove.

165 1805 212 1872 nit
236 1804 373 1873 taudem
400 1806 547 1896 quitum
574 1803 730 1870 diuturno
758 1828 924 1870 consensu
951 1807 996 1872 M.
1013 1807 1134 1872 Accius
1159 1806 1260 1875 Plau-

165 1936 214 1988 tus
237 1919 371 1988 fea-turi
421 1917 507 1984 Nam
537 1943 601 1984 nec
635 1919 669 1983 in
697 1911 813 1986 codice
837 1918 907 1986 ullo
934 1920 984 1984 M.
1010 1917 1111 1987 Accii
1133 1918 1259 1988 Piauti-

165 2059 222 2103 nas
250 2033 380 2100 fabulas
406 2035 544 2101 inscribi
570 2033 675 2127 cap.i
701 2035 827 2115 monui,
852 2059 916 2102 nee
932 2039 1170 2104 vetustissimae
1188 2026 1262 2104 erii-

166 2152 274 2219 tiones
308 2151 374 2216 nisi
411 2146 532 2218 Plauti
562 2150 750 2217 inscribunt
777 2149 992 2241 simpliciter,
1027 2175 1092 2216 nec
1124 2153 1262 2220 omniuo

167 2290 231 2359 per
258 2263 436 2332 latissimos
457 2266 541 2331 fines
564 2265 748 2331 litterarum
767 2264 951 2342 latinarum,
978 2266 1004 2331 si
1031 2267 1072 2330 ab
1087 2265 1169 2331 Anii
1187 2291 1263 2332 ver-

165 2382 259 2447 sibus
296 2397 331 2445 et
365 2379 507 2473 prologo
540 2381 740 2447 Mercatoris
774 2381 971 2459 recesseris,
1007 2402 1153 2471 unquam
1196 2380 1261 2446 aiio

165 2496 230 2561 nisi
266 2516 334 2561 uno
364 2490 510 2564 Plautus
542 2500 677 2563 nomine
711 2496 738 2560 is
773 2513 823 2560 ast
854 2513 954 2586 poeta
981 2511 1133 2575 vocatus,
1169 2495 1262 2562 cuins

168 2608 365 2677 testimoniis
393 2615 682 2702 grammaticorum
708 2604 916 2702 potissimum
943 2610 1173 2676 commentarii
1208 2633 1264 2674 re·

173 2721 255 2789 serti
280 2740 390 2804 suut,
428 2740 463 2790 et
492 2727 528 2790 in
567 2725 617 2790 his
649 2743 715 2791 tam
753 2725 989 2816 praestantium
1028 2723 1143 2816 quales
1178 2724 1265 2792 Var-

169 2860 311 2913 ronem,
343 2839 522 2921 Verrium,
549 2838 669 2905 Iulium
696 2841 880 2908 Romanum
912 2839 1082 2906 hahemus.
1135 2840 1264 2932 Accipe
1351 2924 1359 2935 ,

168 2952 271 3046 igitur
305 2977 418 3021 veram
460 2957 583 3021 erroris
624 2956 800 3048 originem:
838 2953 1006 3020 finxerunt
1038 2954 1107 3020 fide
1150 2976 1266 3021 caren-

170 3068 212 3134 tia
254 3069 392 3135 nomina
425 3071 644 3162 antiquissimi
678 3070 904 3136 plautinarum
937 3068 1123 3137 fabularum
1159 3059 1267 3135 int'ee-

170 3198 284 3275 pretes
319 3182 505 3250 Saracenos
541 3186 708 3279 Piusque‚
745 3210 811 3251 nec
851 3202 961 3250 tamen
998 3183 1078 3252 dolo
1101 3182 1151 3250 illi
1177 3180 1280 3271 malo·

171 3297 360 3379 finxerunt,
393 3298 455 3366 sed
480 3301 667 3394 ambiguam
693 3300 921 3393 incertamque
947 3298 1114 3366 librorum
1140 3322 1267 3366 memo·

173 3416 255 3481 riam
286 3404 322 3478 iii
359 3414 445 3481 hane
475 3432 605 3507 partem
631 3417 905 3508 interpretantes,
944 3415 1106 3483 Varronis
1132 3414 1269 3507 potissi·
1365 3418 1372 3425 '

174 3552 263 3595 mum
300 3527 411 3595 fallaci
444 3531 637 3598 testimonio
678 3529 737 3598 illo
779 3531 913 3610 confisi,
957 3555 1025 3623 quo
1060 3526 1267 3622 plenariici

177 3640 319 3712 Marcus
343 3640 493 3712 Plautus
514 3644 704 3720 videretur,
731 3644 869 3712 alterum
883 3661 993 3711 autem
1013 3642 1165 3710 eiusdem
1180 3642 1268 3711 Van·-
1336 3650 1342 3667 '

179 3760 265 3825 ronis
294 3760 519 3841 testimonium
559 3778 593 3827 et
627 3760 799 3853 utriusque
830 3758 966 3853 prologi
988 3757 1131 3826 Plautini
1152 3736 1267 3826 verius

184 3871 221 3938 ad
243 3874 341 3941 istam
366 3875 563 3967 opinionem
588 3877 805 3970 corrigentes,
839 3901 982 3969 remque
1016 3899 1151 3944 omnem
1177 3874 1269 3943 Festi

234 4138 257 4204 ⁴)
282 4135 434 4206 Quanquam
460 4136 590 4189 inondum
621 4143 660 4190 ert
692 4137 876 4192 varronianus
905 4135 1052 4204 exemplum
1078 4151 1130 4189 non
1157 4150 1216 4189 arra
1242 4137 1270 4188 in

113 4274 119 4285 ,
281 4230 412 4292 promptu.
452 4224 554 4278 lmen
586 4228 689 4279 connino
717 4223 816 4280 nnana
846 4225 910 4279 dixit
942 4223 1010 4292 apud
1039 4226 1181 4280 Varronem
1208 4222 1225 4277 Ι,
1249 4223 1268 4276 Ι.

273 4309 324 4377 vl,
358 4309 400 4364 60.
568 4313 573 4319 '

218 4383 222 4389 ’
340 4396 342 4400 ·
1040 4383 1062 4455 3
