2872 4942
218 317 291 391 546
533 345 574 386 ut.
626 343 667 385 ne
695 340 983 385 irranrontrtorur

222 541 283 581 nes
310 539 362 579 me
387 537 450 605 pro
482 513 575 603 Quos
597 537 705 604 penes
731 516 810 587 mei,
839 531 872 577 et
897 515 960 577 mis
985 534 1052 602 pro
1077 515 1175 578 meis.
1216 511 1324 594 Quod„

221 657 297 700 cum
329 629 465 696 fuissent
497 629 555 720 qui
587 630 766 720 genitivum
800 629 1113 719 interpretarentur
1149 653 1210 720 pro
1247 632 1299 691 mei

221 747 384 839 positum:
420 743 456 809 id
491 763 583 811 reete
617 761 810 835 aspernatus
846 741 1026 810 Goellerus
1064 768 1172 834 pravo
1209 762 1296 811 tamen

222 861 345 928 iudicio
375 861 406 925 iu
436 884 476 926 eo
504 860 614 937 utitur,
639 858 732 959 qpod
757 860 815 924 has
843 858 964 925 formas
992 858 1154 925 aPlauto
1183 862 1296 926 omnino
1333 890 1335 897 ·

222 977 344 1044 alienas
380 975 478 1043 dicit:
521 1001 661 1067 quarum
706 973 756 1040 vel
792 976 828 1039 in
862 977 1061 1041 Trinummo
1098 976 1295 1041 certissimum

223 1091 413 1184 exemplum
441 1117 481 1158 ex
507 1092 728 1158 Ambrosiauo
753 1070 871 1157 codice
898 1088 1026 1181 prodiit
1052 1090 1097 1169 ΙΙ,
1125 1093 1161 1169 2,
1187 1093 1247 1179 62:

323 1201 369 1276 ‘V
375 1223 388 1271 t
415 1210 464 1272 ita
491 1221 525 1271 te
550 1199 697 1272 aliortim
721 1210 932 1281 miserescat,
957 1199 1000 1271 ne'
1023 1208 1082 1270 tis
1107 1205 1198 1272 alios
1212 1200 1294 1271 'misa-

498 1334 527 1431 ι
755 1384 778 1425 4
812 1337 896 1386 reat.
966 1417 985 1430 -

221 1440 260 1505 V.
288 1435 311 1506 4
339 1464 356 1505 e
383 1437 609 1504 Palatinorum
636 1439 800 1529 scriptura
828 1435 920 1502 urbis
945 1435 1045 1503 cum'd
1073 1437 1142 1525 (vel
1159 1435 1294 1521 cumam),

223 1579 308 1647 quae
335 1552 482 1645 syllabae
510 1579 527 1617 a
555 1552 779 1618 deterioribus
812 1552 908 1619 libris
935 1555 1067 1635 absunt,
1093 1580 1165 1622 nou
1190 1554 1293 1621 felicia·

208 1673 306 1754 ¹simo
345 1693 500 1734 successu
536 1668 591 1733 alii
626 1668 688 1734 alia
721 1644 938 1735 effinxerunt:¹
979 1669 1141 1764 urbisque
1180 1672 1293 1737 maenia

224 1787 436 1861 Camerarius
462 1785 614 1850 inusitata
639 1785 815 1869 sententia:
842 1784 933 1851 urbis
960 1811 1085 1852 cunam
1107 1789 1188 1854 saus
1214 1786 1292 1853 mira·

223 1898 338 1966 hiliter
363 1899 516 1978 Bothius,
553 1897 669 1964 urbem
706 1899 849 1967 Cumam
871 1901 923 1981 is,
955 1926 1056 1994 quem
1083 1927 1156 1969 non
1182 1882 1321 1996 vigilan-¹

225 2034 311 2089 tem,
337 2013 398 2081 sed
430 2013 665 2081 dormitantem
692 2019 985 2110 somniantemque
1010 2036 1147 2087 veteres
1174 2019 1292 2111 scripte

228 2157 285 2199 res
324 2149 465 2199 tractare
500 2132 564 2199 hoc
597 2135 707 2224 ipsum
751 2133 944 2227 exemplum
980 2133 1098 2202 docet:
1141 2153 1291 2227 praetera

226 2248 410 2339 asperrimo
439 2264 580 2338 uterquc
607 2248 713 2332 hiatu3
742 2265 844 2340 atque
869 2248 985 2315 urbem
1011 2273 1119 2342 usque
1143 2255 1182 2315 in
1206 2270 1292 2315 meam

229 2364 447 2431 Hermanuus.
500 2361 692 2439 Et„urbem
723 2387 826 2456 usque
854 2350 914 2457 ego
938 2388 1076 2457 quoque
1099 2367 1136 2431 in
1158 2364 1218 2433 urb
1239 2368 1290 2430 isat

227 2476 365 2547 latuisse
386 2497 486 2571 puto:
513 2476 575 2544 sed
594 2503 635 2544 ex
649 2476 767 2543 iisdem
785 2477 967 2545 cti¹litteris
991 2505 1068 2545 cum
1088 2483 1236 2573 proxima
1251 2476 1291 2542 ma

228 2592 356 2686 syllaba
390 2595 520 2661 sociatis
554 2592 645 2658 haud
677 2596 745 2660 scio
781 2619 824 2659 au
859 2594 1082 2687 probabiliter
1116 2599 1290 2664 incolumem

229 2712 291 2775 iam
321 2710 508 2776 Gronovius
536 2710 675 2787 eruerit,
703 2710 736 2773 in
763 2709 856 2802 quod
882 2711 1204 2781 Windisebmannus
1227 2734 1288 2805 quo·

228 2850 294 2916 que
321 2824 439 2891 incidit
463 2826 549 2890 Mus·
578 2825 680 2890 Rhen.
709 2826 733 2902 Ι,
762 2851 795 2916 p.
825 2828 905 2903 118,
932 2829 1024 2893 cuius
1049 2846 1163 2894 tamen
1187 2829 1287 2918 reliqua

230 2938 408 3031 disputatio
436 2941 500 3006 fine
529 2940 660 3006 excidit
713 2943 771 3006 Est
796 2942 904 3021 enim,
932 2944 960 3008 si
987 2943 1071 3035 quid
1099 2945 1217 3024 video,
1251 2941 1287 3005 hic

229 3052 323 3121 locus
352 3081 391 3120 ex
420 3081 534 3122 eorum
562 3055 784 3163 multitudine,
811 3057 846 3121 in
871 3058 993 3150 quibus
1022 3060 1232 3151 paucularum
1248 3055 1287 3118 lit-

232 3187 375 3235 terarum
398 3171 562 3263 reliquiae
601 3172 728 3238 indicio
765 3173 967 3265 integrarum
1000 3199 1119 3242 vocum
1154 3195 1231 3242 suut
1253 3201 1285 3215 ’-

232 3286 321 3353 V.5
357 3312 421 3378 ego
449 3287 579 3354 addidit
612 3288 752 3380 quidem
770 3289 988 3375 *Camerarius
1000 3341 1009 3370 ,
1045 3291 1108 3375 sed
1145 3291 1288 3358 addidit:

232 3401 401 3468 Palatinis:
430 3429 570 3497 quorum
599 3402 855 3492 collocationemx
878 3383 1056 3472 verborum
1074 3433 1142 3498 ego
1161 3411 1289 3501 Neptune

232 3516 300 3582 ribi
323 3516 399 3604 (nisi
424 3517 520 3609 quod
545 3521 628 3623 :piro
653 3544 765 3585 errore
793 3544 902 3613 neqrte
928 3538 1005 3613 post
1029 3546 1096 3612 ego
1124 3526 1290 3591 Decurtatus

231 3632 360 3718 inserit)
385 3637 437 3700 vix
464 3631 582 3701 dubito
606 3634 685 3726 quin
707 3635 941 3727 significantius
969 3661 1043 3702 cum
1059 3640 1181 3706 Bothio
1204 3641 1242 3704 ita
1261 3631 1290 3698 nti

234 3754 396 3830 fecimus,
431 3776 530 3841 quam
560 3748 606 3814 sic
634 3753 778 3843 corrigas
813 3777 885 3818 cum
922 3753 1136 3823 Hermanno:
1170 3747 1293 3848 egotibi

233 3871 391 3960 Neptune
401 3893 412 3943 ‚·
446 3890 635 3957 quanquam
671 3883 813 3957 utroque
840 3891 916 3931 saue
942 3867 1042 3935 modo
1077 3870 1156 3951 tibi,
1191 3874 1221 3936 in
1246 3887 1290 3960 qut

234 3984 280 4048 vis
309 3974 579 4059 est'santentiae,
607 3979 722 4044 lortius
745 3980 940 4060 intenditur,
967 3985 1036 4050 sive
1053 3984 1140 4050 illud
1160 3990 1224 4053 ictu
1242 4005 1293 4048 ver·

232 4123 286 4163 sus
321 4098 466 4177 acuitur,
502 4098 569 4161 sive
605 4098 646 4160 ab
681 4097 773 4162 initio
807 4099 966 4164 enuntiati
998 4101 1147 4190 ponitur.
1200 4098 1291 4166 Eidem

233 4213 425 4279 Hermanno
452 4216 564 4303 gratis
591 4210 733 4278 debetur
759 4238 822 4304 pro
847 4218 992 4303 gratias.
1019 4251 1064 4263 -
1104 4219 1143 4287 V.
1172 4218 1194 4286 6
1217 4231 1294 4306 atque

233 4328 268 4392 in
294 4327 387 4394 libris
419 4348 492 4394 ante
525 4328 634 4395 avidis
665 4331 824 4396 insertum
859 4355 934 4396 cum
959 4331 1076 4398 Bothio
1114 4333 1294 4400 sustulimus:
