2872 4942
179 344 249 417 386
564 365 609 408 vt.
635 365 677 407 ns
704 364 881 411 virtum

181 544 269 621 beat,
294 566 381 634 quae
404 565 424 607 e
450 539 618 608 veteribus
644 539 889 607 commentariis
914 556 1049 632 sumpta
1069 539 1260 607 wmeeimm

185 660 273 726 Diss.
296 657 472 744 v11,§7,
499 655 582 723 haee
608 654 685 722 dico
708 681 741 747 p.
770 655 853 734 184,
879 659 918 724 7:
947 651 1137 723 Platam'
1121 680 1162 723 ut
1184 659 1261 724 Bac·

188 740 356 841 cialibus:
394 770 527 863 Edepol
557 794 601 835 ne
621 788 658 836 tu
684 771 820 838 illorum
840 794 952 837 mores
975 796 1148 888 perum
1168 772 1261 839 rudi·

127 965 131 973 „
185 907 258 983 tate
283 906 387 955 terres.
439 888 493 953 Iu
515 885 768 980 quibusdam
799 889 1159 972 uociferantur.
1193 914 1259 957 oon-

183 1031 329 1100 sequens
368 1006 466 1071 etiam
494 1003 560 1070 boc
582 1004 642 1080 sit,
677 1027 745 1070 non
771 1001 873 1069 solius
898 1003 1156 1096 Amphitruonis
1182 1031 1261 1075 com·

180 1119 590 1192 mentiriosSisennianos
614 1115 705 1184 illius
728 1120 765 1184 iu
783 1118 937 1185 manibus
961 1118 1077 1188 luisse.

1284 1256 1298 1327 i

673 1366 777 1453 §tt

280 1558 429 1623 Noverat
446 1573 556 1622 autem
576 1557 645 1623 sive
664 1554 827 1623 Sisennae
849 1559 919 1623 sive
934 1555 1051 1625 Scauri
1063 1559 1136 1627 sive
1150 1560 1259 1628 uuius-

184 1697 250 1764 que
289 1673 541 1736 commentarios
578 1696 642 1738 uno
667 1690 742 1737 ante
767 1671 923 1737 Rufinum
948 1672 1095 1755 saeculo,
1120 1673 1259 1768 complu·

181 1789 274 1854 ribus
302 1803 378 1879 post
402 1786 586 1855 Romanum
610 1785 666 1872 (cf.
682 1786 798 1852 Osann
811 1786 926 1880 Symb.
944 1786 1096 1873 11,330),
1118 1792 1215 1859 etiam
1225 1793 1257 1856 D.

180 1904 418 1995 Hieronymus,
445 1902 537 1970 cuius
564 1926 631 1969 non
646 1901 776 1981 ¹dubito
799 1905 880 1996 quin
908 1903 950 1973 ad
967 1903 1043 1971 illos
1062 1907 1258 1997 potissimum

178 2020 262 2086 haec
288 2019 391 2086 verba
417 2036 572 2111 spectent
595 2017 693 2111 Apol.
718 2018 791 2087 adv.
815 2021 921 2087 Rufio.
946 2023 973 2101 Ι,
997 2047 1031 2114 p.
1049 2020 1121 2091 367
1143 2022 1258 2092 vollV

182 2133 235 2201 etl.
261 2136 431 2202 Martiam:
474 2137 564 2203 Puto
590 2135 683 2230 quod
702 2161 789 2229 puer
810 2137 935 2230 legeris
959 2135 1066 2229 Aspri
1091 2144 1129 2205 iu
1154 2141 1257 2230 Virgi-

183 2252 263 2318 lium
284 2268 319 2317 et
345 2250 532 2318 Salustium
554 2257 835 2330 commentarios,
862 2253 1014 2324 Vulcatii
1036 2258 1074 2320 in
1093 2260 1254 2322 orationes

184 2369 360 2435 Ciceronis
384 2363 428 2450 *),
452 2369 626 2436 Victorini
650 2373 686 2434 in
712 2367 870 2460 dialogos
896 2373 981 2446 eius,
1006 2385 1042 2434 et
1062 2375 1100 2436 iu
1117 2373 1151 2439 T
1146 2373 1255 2438 ereutii

182 2484 375 2553 comoedias
394 2489 628 2577 praeceptoris
647 2490 714 2551 mei
725 2488 1003 2579 Donati,toeque
1020 2491 1057 2552 in
1075 2489 1254 2580 Virgilium,

184 2619 218 2666 et
250 2603 444 2669 aliorum
482 2605 528 2665 iu
561 2602 698 2677 alios,
730 2602 940 2668 Plautum
981 2601 1162 2680 videlieet,
1200 2603 1255 2670 Lu·
1296 2604 1298 2609 ’

185 2722 345 2791 aretium,
387 2716 569 2802 Flaccum,
601 2718 758 2784 Persium
784 2734 886 2809 atque
914 2719 1102 2785 Lucanum.
1126 2752 1169 2766 -
1200 2719 1255 2784 Ho·
1296 2696 1298 2701 Ι

187 2833 242 2900 die
276 2858 353 2899 vero
387 2834 515 2899 tametsi
549 2857 617 2899 non
657 2851 781 2899 tantum
818 2831 966 2925 singulae
1003 2836 1185 2903 verborum
1216 2835 1255 2899 in·

187 2950 464 3042 terpretationeS,
509 2947 571 3018 sed
611 2952 710 3014 etiam
755 2951 902 3017 continui
939 2951 1145 3043 integrarum
1179 2951 1255 3018 fabu-

186 3063 294 3131 larum
330 3064 580 3144 commentarii,
614 3082 786 3159 piwaeterea
821 3066 896 3133 satis
931 3066 1153 3134 memorabile
1185 3065 1298 3205 glot*

121 3223 124 3228 ,
189 3182 311 3245 sarium
345 3177 559 3273 quoddam'
549 3204 584 3243 m
622 3181 722 3244 certis
757 3178 928 3248 codicibus
954 3181 1113 3249 Plautinis
1141 3156 1298 3255 exsnntl

191 3295 285 3359 etin
310 3294 549 3386 hisquaedam
582 3320 623 3359 ex
657 3295 799 3389 antiquis
834 3321 913 3365 asne
938 3297 1083 3364 sontibus
1123 3295 1235 3386 (sed
1227 3295 1256 3361 rit

190 3434 280 3479 nune
305 3407 439 3500 pridem
466 3406 578 3491 editis)
613 3410 743 3487 hausta,
776 3428 887 3479 tamen
923 3411 1176 3481 scholiastis
1200 3409 1256 3503 qni·

193 3521 273 3590 dem
288 3525 444 3591 Plautinis
465 3527 632 3592 veteribus
647 3527 765 3595 borum
781 3529 926 3597 omnium
942 3513 1024 3597 nihil
1045 3506 1190 3596 debetur
1204 3517 1255 3613 ”lt

192 3643 293 3707 immo
329 3640 381 3707 vel
408 3641 490 3722 XV,
523 3640 577 3710 vel
617 3640 714 3709 etiam
745 3644 915 3734 prioribus
949 3644 1087 3713 saeculis
1120 3641 1255 3712 a'doctis

192 3759 218 3835 i¹
297 3757 375 3822 tisve
407 3756 598 3822 hominibus
631 3773 687 3822 aut
719 3760 900 3850 excogitata
932 3777 1029 3829 aute
1057 3755 1255 3854 grammaticis

193 3752 332 3969 alnae
378 3873 581 3964 antiquitatis
620 3874 839 3970 scriptoribus
876 3899 1007 3943 corrasa
1049 3895 1126 3945 sunt
1157 3872 1253 3945 omnia·

194 3992 267 4073 Quo
296 3991 445 4082 pertinet
471 3990 567 4053 etiam
593 3986 679 4053 illud
689 4039 699 4070 ‚
727 3989 819 4080 quod
842 4015 860 4056 e
882 3990 1095 4079 Florentino,
1129 3993 1189 4061 nisi
1208 3983 1255 4056 lal-

193 4187 486 4200 μ-

169 4310 171 4316 ,
245 4276 273 4342 1)
293 4276 358 4327 Vide
375 4292 452 4344 supra
473 4291 499 4344 p-
518 4275 580 4331 241·

226 4363 272 4431 aa)
299 4362 338 4414 ct.
359 4372 444 4416 tamen
465 4363 533 4418 Diss-
553 4363 608 4430 vn,
632 4369 649 4434 S
671 4364 696 4417 7·
