2872 4942
516 327 556 394 n.
580 352 623 394 nc
650 349 778 395 tertre
806 353 935 396 actvm.
1227 331 1276 403 53

193 543 239 591 aut
262 521 426 604 fallimur,
461 540 517 588 aut
549 549 592 590 nc
629 526 677 592 sic
713 524 851 618 quidem
886 544 934 592 sat
966 523 1142 593 commode
1168 525 1275 593 Plauti

185 639 368 731 Naeviique
393 640 519 705 mentio
546 637 678 707 mediae
706 639 748 707 dc
773 641 870 707 Livio
895 642 1077 707 narrationi
1102 643 1275 708 interiecta

182 754 292 834 fuerit,
329 753 443 820 eidem
477 753 624 821 subiecta
650 754 819 821 Ennianae
842 758 956 824 aetatis
984 756 1202 848 comparatio:
1240 776 1275 821 ut

178 866 287 936 multo
314 889 348 936 et
369 868 552 961 simplicius
590 888 624 936 et
662 862 855 938 concinnius
886 872 1007 938 Cicero
1044 869 1196 937 videatur
1231 870 1275 935 ad

176 986 245 1052 hoc
270 985 383 1077 potius
411 983 604 1076 exemplum
629 984 799 1052 locuturus
825 986 940 1053 fuisse:
977 1011 1071 1051 auito
1102 1002 1185 1051 aitte
1206 1009 1275 1059 ¹rtu-

178 1115 252 1165 tum
275 1100 445 1180 Ennium,
477 1101 607 1193 aliquot
640 1116 756 1167 antem
780 1105 883 1167 arastis
908 1117 991 1167 ante
1016 1126 1117 1192 qetam
1143 1107 1180 1167 in
1202 1126 1275 1166 sce-

178 1239 264 1279 nam
296 1217 449 1282 Naevius
482 1231 516 1280 ct
543 1211 689 1283 Plautus
719 1214 936 1309 prodierunt.
987 1218 1113 1285 Contra
1139 1217 1174 1282 in
1199 1219 1273 1309 ipso

177 1334 239 1422 qui
262 1331 464 1423 pronomine
486 1329 603 1397 sedem
620 1331 833 1461 corruptglac
856 1331 911 1397 alii
929 1333 1154 1424 quaesierunt
1183 1334 1274 1415 Quo-

175 1470 255 1512 rum
282 1470 348 1512 nee
371 1446 413 1527 ii,
437 1447 495 1538 qui
515 1449 660 1538 fuitque
687 1470 897 1539 proposuere
925 1472 988 1539 pro
1014 1452 1074 1538 qui
1094 1449 1185 1534 ficit,
1210 1472 1273 1513 nec

175 1560 237 1654 qui
265 1564 348 1653 quin
362 1564 443 1648 fuit
465 1579 646 1641 suaserunt,
673 1563 851 1627 existimari
876 1579 1017 1654 possunt
1037 1561 1075 1628 id
1094 1586 1164 1627 esse
1183 1587 1273 1628 assc-

174 1676 259 1755 cuti‚
286 1676 380 1767 quod
407 1677 484 1743 satis
510 1674 648 1768 dignum
672 1701 827 1745 sermone
853 1676 1011 1745 Tulliano
1047 1696 1142 1744 esset.
1188 1678 1273 1742 Nam

174 1813 258 1856 cum
279 1790 360 1858 hoc
387 1793 429 1857 sit
452 1789 685 1871 durissimum,
722 1791 952 1858 simulantem
979 1797 1062 1883 quin
1087 1791 1271 1885 particulae

173 1904 227 1972 vis
256 1906 354 1971 ctiam
374 1905 494 1972 sortior
534 1932 633 1998 quam
665 1932 729 1998 pro
767 1907 864 1973 huius
892 1909 1188 2001 argumentationis
1216 1933 1273 1972 ae-

174 2018 395 2112 quabilitate,
430 2039 500 2086 tum
524 2046 568 2088 ne
591 2020 733 2091 alterum
759 2022 896 2115 quidem
919 2021 1004 2091 illud
1032 2025 1073 2090 ab
1098 2025 1271 2091 Cicerone

174 2131 314 2222 videtur
336 2135 401 2201 nisi
423 2136 471 2201 sie
497 2134 566 2203 dici
590 2138 754 2229 potuisse:
770 2142 917 2231 fuitque
943 2143 956 2204 i
965 2139 998 2204 ll
1006 2164 1024 2204 e
1050 2143 1161 2207 ntaior·
1187 2155 1271 2205 natu

175 2272 282 2340 quam
306 2246 347 2318 P.
379 2266 414 2315 et
438 2252 481 2317 Ν.
532 2253 582 2316 Ex
620 2251 671 2318 his
706 2253 806 2346 igitur
840 2255 993 2320 omuibus
1030 2254 1272 2320 consectarium

174 2386 252 2430 esse
277 2363 345 2432 hoc
367 2363 536 2445 volumus,
570 2363 614 2432 de
640 2365 837 2459 glossemate
864 2383 956 2433 recte
982 2367 1186 2433 Bouherium
1215 2389 1271 2431 co-

174 2476 310 2571 gitasse,
336 2481 525 2571 meritaque
553 2483 733 2548 acrimonia
752 2509 825 2549 eam
839 2483 1041 2548 sententiam
1066 2483 1102 2552 F.
1119 2481 1160 2548 A.
1171 2478 1272 2549 Wol-

175 2592 260 2685 lipgn
282 2592 488 2661 defendisse.
541 2597 603 2663 llic
628 2615 736 2662 autem
752 2621 838 2673 ,cum
863 2621 880 2662 c
908 2594 1039 2663 duobus
1067 2595 1270 2688 glossematis

173 2688 265 2789 iilud
290 2707 556 2777 additamentum
592 2710 852 2802 conglutinatum
883 2713 1012 2791 statuit,
1048 2710 1173 2776 firmari
1205 2712 1271 2776 hoc

172 2827 301 2918 aliquo·
317 2823 421 2891 modo
448 2824 574 2893 codicis
601 2824 699 2891 unius
713 2827 940 2918 Verburgiani
965 2827 1160 2892 auctoritate
1177 2825 1271 2892 vidc-

172 2956 242 3020 tur,
267 2965 287 3005 a
314 2963 381 3033 quo
409 2940 529 3007 absunt
550 2956 585 3005 ct
608 2942 759 3007 Naevius
794 2942 905 3011 verba.
958 2944 1031 3025 Qua
1062 2939 1201 3033 quidem
1232 2964 1270 3005 re

170 3077 219 3118 ne
247 3053 324 3146 quis
339 3042 396 3119 'ita
420 3054 585 3136 abutatur,
611 3071 647 3120 ut
671 3055 723 3121 his
751 3072 879 3122 tantum
906 3057 1018 3123 verbis
1046 3056 1160 3124 eiectis
1185 3072 1271 3121 tute-

172 3186 230 3234 tur
257 3166 388 3261 reliqua
413 3175 473 3260 qni
487 3174 566 3257 fuit
592 3174 703 3255 maior
728 3186 814 3237 itata
837 3195 937 3265 qrcam
961 3170 1132 3242 Plautus:
1167 3194 1270 3263 repu-
1345 3166 1353 3181 ⁸

170 3279 311 3348 tandum
337 3302 388 3349 est
412 3282 513 3376 louge
540 3285 701 3352 maiorem
728 3284 947 3353 offensionem
968 3287 1095 3353 habere
1117 3285 1269 3353 Plautum

172 3419 277 3487 quam
303 3397 527 3490 antiquiorem
549 3415 687 3490 poetam
713 3401 885 3479 Naevium,
922 3416 955 3465 ct
983 3398 1091 3466 solum
1116 3397 1270 3483 Plautum

173 3532 278 3600 qnam
303 3535 368 3576 una
395 3536 471 3578 cum
496 3512 624 3591 Naevio
641 3512 714 3580 ’hac
743 3514 778 3579 iu
810 3513 1100 3604 argumentatione
1126 3536 1271 3579 commc-

169 3641 350 3691 moratnm.
401 3624 567 3719 [demque
596 3652 661 3693 uua
694 3652 735 3715 eit
761 3646 856 3720 parte
882 3630 917 3694 iu
942 3629 1074 3694 Pearcii
1101 3605 1272 3695 coniectu-

169 3762 248 3805 ram
280 3737 371 3806 cadit
404 3764 506 3833 quam
534 3738 697 3821 Plautus,
734 3757 771 3806 ut
808 3758 842 3808 et
876 3743 1044 3810 Naevius:
1080 3764 1192 3833 qnam·
1215 3740 1271 3806 rel

167 3869 316 3944 propter
337 3852 475 3921 dicendi
501 3882 605 3950 genus
631 3857 755 3923 mirere
781 3857 930 3949 potuisse
956 3859 997 3922 ab
1011 3853 1165 3943 Ernestio
1188 3879 1271 3949 pro-

165 3966 255 4032 bari.
296 3967 412 4036 Altera
441 3972 531 4036 enim
553 3996 594 4037 ex
622 3990 719 4063 parte
745 3972 810 4038 hoc
837 3971 976 4063 quidem
1005 3969 1271 4037 additamentum

167 4097 208 4146 ut
233 4098 269 4147 et
294 4085 443 4183 Naevius
480 4111 560 4152 vere
584 4087 721 4177 languet
748 4103 783 4152 et
804 4086 1050 4178 ineptissimum
1085 4104 1157 4175 est:¹
1188 4084 1272 4179 quid

166 4194 264 4263 enim
298 4196 341 4265 acl
372 4199 458 4268 Livii
490 4218 631 4268 aetatem
659 4198 925 4293 cognoscendam
952 4199 1021 4267 ullo
1047 4217 1146 4291 pacto
1186 4196 1272 4265 illud

160 4311 333 4404 pertinet,
356 4315 463 4383 maior
488 4316 641 4386 minorve
666 4314 785 4383 Plauto
811 4314 954 4384 Naevius
981 4312 1103 4393 suerit?
1149 4356 1153 4369 ·
