2872 4942
167 337 238 412 596
508 367 537 409 x.
586 366 629 408 nc
654 365 785 409 cessino
814 365 913 409 nutus

168 536 269 618 enim,
286 538 472 622 scrantur,
497 552 592 602 rcctc
621 533 728 602 codex
754 532 930 601 Hulsionus
956 558 1026 628 pro
1051 535 1189 632 vulgato
1210 566 1256 607 ut-

156 655 353 739 feruutur,
387 649 481 743 quod
505 652 541 716 in
567 654 768 717 inserantur
793 650 991 718 mutandum
1017 680 1101 720 cum
1125 656 1257 724 wielin-

165 770 221 860 gio
252 768 390 860 putabat
415 765 612 833 Grunertus.
643 766 702 833 llls
728 768 829 858 igitur
841 768 964 835 Donati
985 770 1096 835 verba
1115 788 1150 837 ut
1167 771 1258 864 plano

164 881 370 976 intelligutur
396 879 439 949 nd
466 906 568 974 quem
591 881 703 949 locum
728 880 877 948 Andriae
900 885 1125 975 pertineant,
1162 912 1204 954 ex
1227 913 1259 954 es

166 1023 277 1076 scena,
304 1004 390 1090 quse
418 1022 509 1064 nunc
534 996 649 1065 ultima
673 997 778 1063 fertur
805 997 876 1064 cius
898 996 1063 1081 fabulae,
1098 1021 1257 1071 extremos

168 1138 283 1181 versus
310 1111 396 1178 infra
421 1114 602 1205 posuimus.
637 1112 841 1180 Tenendum
866 1131 917 1180 est
938 1132 1072 1197 nutem,
1100 1116 1149 1185 de
1173 1122 1259 1185 Pam·

170 1211 253 1322 phili
279 1245 312 1296 ct
349 1227 501 1321 Glycerii
535 1229 603 1294 sive
629 1227 803 1295 Pasibulae
835 1231 959 1322 nuptiis
998 1233 1162 1300 consecto
1198 1261 1259 1302 esse

165 1345 294 1427 omnia3
331 1344 366 1410 id
401 1324 538 1411 noscare
575 1347 667 1412 Davo
704 1342 938 1437 Pamphilum
973 1367 1119 1415 narrata
1153 1350 1258 1421 andire

166 1460 368 1546 Charinum3
397 1461 548 1551 conspici
572 1461 662 1527 huuc
684 1487 703 1526 a
728 1459 903 1553 Pamphilo
925 1479 958 1528 et
981 1462 1035 1530 his
1064 1467 1185 1534 verbis
1207 1492 1257 1560 ap·

123 1639 132 1652 ,
166 1574 310 1668 pellani:

344 1713 401 1761 ΡΑ.
430 1691 593 1772 coarto-c
619 1695 656 1757 in
682 1707 832 1785 tempore
858 1697 931 1784 ipso
957 1697 1007 1758 mi
1029 1693 1197 1763 advenis.
1219 1699 1256 1766 tt

174 1827 233 1876 συ.
264 1809 359 1874 Beue
383 1811 540 1895 suctum.
579 1828 636 1874 ΡΑ.
662 1807 813 1876 audisti?
854 1831 913 1878 cn.
946 1810 1083 1878 omnia.
1119 1836 1191 1904 age
1213 1834 1257 1878 me

660 1928 697 1990 in
724 1929 790 1990 tuis
812 1925 970 1991 secundis
1000 1932 1155 2018 respice.

161 2031 214 2126 sst.
265 2039 356 2114 Tuus
387 2056 439 2104 est
472 2063 563 2104 uurtc
609 2037 788 2106 Chremes:
820 2043 1009 2127 facturum
1040 2066 1140 2134 quae
1175 2044 1254 2111 voto

663 2160 733 2221 scio
759 2179 832 2221 esse
858 2161 984 2222 omrtia.

184 2292 240 2341 ΡΑ.
262 2273 422 2341 Memini:
465 2288 567 2365 utque
599 2270 688 2338 adeo
718 2271 890 2362 longumst
925 2272 1022 2339 illum
1046 2299 1106 2343 me
1140 2298 1247 2369 exspo-

657 2405 753 2453 ctare
778 2387 858 2454 dum
880 2405 993 2455 exeat.
1235 2396 1240 2409 '

267 2502 417 2596 Sequere
439 2502 505 2567 lzuc
531 2527 601 2566 me:
625 2507 717 2569 intus
741 2503 834 2594 apud
847 2502 1052 2592 Glycerium
1080 2531 1176 2573 nunc
1197 2518 1245 2571 est.

663 2635 712 2693 tu,
734 2621 831 2686 Dave
856 2618 915 2686 abi
938 2619 1101 2687 domum:

266 2736 420 2825 Propere
453 2757 608 2809 arcesse,
642 2735 722 2800 binc
754 2740 813 2824 qui
846 2740 1017 2824 auserunt
1053 2763 1146 2806 eam.
1178 2734 1243 2833 quid

661 2852 757 2915 stus?
782 2850 865 2942 quid
887 2854 1024 2920 cessas?
1062 2877 1127 2922 ΒΑ.
1144 2879 1188 2922 eo.
1209 2853 1240 2922 tt

267 2970 321 3034 Ne
347 2971 550 3058 exspectetis
576 2966 656 3031 dum
681 2983 809 3032 exeunt
834 2968 916 3036 huc:
942 2973 1039 3035 intus
1062 2967 1237 3065 desponde-

661 3080 770 3148 bitur:

269 3196 373 3263 Intus
403 3200 638 3288 transigetur,
680 3201 711 3262 si
744 3196 826 3288 quid
859 3214 910 3263 cst
940 3197 1037 3291 quod
1067 3217 1184 3269 restet.
1215 3215 1234 3260 [ὃ

662 3312 834 3378 Plaudit&

173 3430 213 3497 V.
243 3430 286 3497 13
315 3427 407 3520 quod
433 3429 624 3518 scripsimus
652 3427 825 3517 longumst
854 3428 946 3493 illum
967 3453 1021 3494 mc
1048 3448 1237 3526 exspectare,

174 3546 313 3613 fecimus
340 3545 533 3610 auctoritate
560 3544 714 3608 Bembini
734 3541 825 3608 libri.
844 3579 891 3593 -
907 3544 1040 3611 Horum
1068 3549 1171 3640 igitur
1184 3569 1239 3612 ver·

175 3687 270 3727 suum
297 3662 346 3739 ei,
381 3661 439 3751 qui
465 3679 599 3750 quartus
627 3676 675 3725 est
696 3684 715 3723 a
739 3658 822 3738 fine,
853 3682 942 3725 nunc
971 3663 1124 3756 ascripta
1157 3665 1240 3731 fertur

175 3777 299 3843 Donati
331 3777 391 3841 ista
417 3775 601 3852 annotatio,
638 3794 673 3840 ut
697 3775 783 3837 inter
804 3771 861 3837 illa
886 3773 988 3838 verba
1015 3791 1055 3840 tu
1083 3780 1181 3846 Dave
1202 3771 1242 3840 uti

176 3890 311 3956 domum
338 3909 371 3956 et
397 3891 479 3955 haec
503 3913 656 3980 propero,
674 3912 807 3952 arcesse
833 3870 1053 3980 interpositos
1073 3895 1175 3960 inisse
1198 3913 1239 3958 eos

175 4032 287 4073 versus
313 4006 448 4086 credas,
476 4030 558 4097 quos
585 4032 603 4069 a
628 4005 725 4070 honis
753 4002 999 4095 exemplaribus
1026 4008 1169 4090 abesse,
1191 4003 1239 4094 leg'

174 4124 272 4216 igitur
299 4125 332 4187 iu
357 4121 427 4187 aliis
454 4123 570 4187 sinon
596 4121 759 4212 plurimiS,
786 4139 818 4185 at
845 4117 1077 4211 compluribus
1092 4125 1174 4189 item
1195 4124 1240 4186 bo·

174 4240 225 4302 nis
252 4242 400 4304 Donatus
426 4237 524 4303 dicat.
589 4239 691 4328 Atqui
725 4234 784 4300 illo
820 4234 960 4326 quidem
990 4233 1069 4303 loco
1106 4265 1173 4306 uon
1193 4259 1239 4329 po-

175 4352 276 4420 tuisse
315 4379 389 4433 eos,
434 4354 583 4446 quisquis
616 4355 699 4435 suit,
734 4353 898 4421 collocare
938 4358 1171 4449 unusquisque
1198 4370 1240 4419 sua
