2872 4942
605 346 825 391 tutccmntcvs.
1187 324 1256 395 397

169 515 317 585 eandum
345 516 454 583 statim
479 513 697 596 accedemus,
731 515 878 607 geminus
911 536 1046 605 sorores
1075 515 1258 587 Bacchides

167 633 370 701 dimidiatas
396 631 480 704 dixit
505 656 535 697 u.
563 633 619 698 50.

644 790 753 911 ⁹53.

270 966 415 1060 Eorum,
453 1005 540 1072 quae
569 975 675 1054 antec*
692 978 955 1072 disputavimus,
991 978 1111 1044 veritas
1140 1003 1180 1046 eo
1207 1005 1261 1045 ar-

1228 698 1250 737 ἱ

167 1095 302 1186 guitur,
334 1092 427 1187 quod
457 1095 551 1161 brevi
586 1096 758 1162 interiecto
782 1095 943 1187 temporis
969 1093 1150 1160 intervallo
1174 1098 1258 1162 Bac·

167 1207 289 1277 chides
315 1209 447 1302 prodiit
470 1209 590 1301 amplis
617 1210 840 1302 redintegrata
860 1207 1017 1276 videlicet
1041 1195 1261 1301 supplemen-

164 1325 220 1404 tis,
242 1348 308 1392 nec
335 1341 504 1391 extremae
532 1324 662 1392 subulae
688 1326 845 1391 subnexis
869 1348 933 1390 nec
958 1324 1089 1390 insertis
1117 1323 1260 1405 suediae,

122 1509 128 1515 ,
166 1439 233 1506 sed
258 1439 390 1532 inipso
417 1443 525 1533 capite
551 1438 731 1507 collocatis.
779 1443 871 1525 Quae
909 1440 999 1506 enim
1036 1439 1133 1533 vulgo
1159 1465 1258 1531 prae·

164 1556 268 1622 missa
294 1556 445 1621 feruntur
469 1557 730 1660 Argumentum,
764 1555 924 1649 Prologus
960 1572 994 1622 et
1023 1554 1153 1623 Scenae
1186 1556 1258 1647 pri-

165 1700 244 1741 mae
270 1693 401 1766 septem
429 1692 463 1740 et
487 1675 602 1766 viginti
627 1698 740 1740 versus
765 1673 907 1765 priores,
930 1697 968 1737 eu
994 1670 1261 1764 primus-vulga·-

164 1790 271 1857 vitiu
297 1789 426 1854 Iuntina
450 1791 558 1881 primo
584 1815 611 1854 a.
638 1780 732 1855 15111
762 1786 918 1855 Nicolcus
944 1785 1114 1880 Angelius,
1151 1785 1255 1879 idque

165 1903 204 1969 in
222 1884 432 1996 praelatione
454 1905 528 1996 ipse
555 1902 607 1969 his
634 1919 795 1970 testaturz·
832 1905 912 1969 Hoc
934 1901 978 1968 de
999 1903 1160 1994 plurimis.
1180 1926 1257 1968 rere

166 2018 250 2086 licet
283 2020 431 2111 gloriari
461 2018 554 2110 quod
579 2043 642 2084 nos
669 2024 817 2085 omnium
839 2023 944 2111 primi
966 2042 1049 2110 quos
1075 2020 1256 2110 legerimus

163 2137 348 2233 prologum
363 2134 579 2201 bacchidibus
593 2135 793 2222 Dimidiutis
819 2153 852 2200 et
876 2139 980 2227 primi
998 2153 1094 2200 actus
1121 2139 1255 2201 initium

166 2253 353 2345 diligentia
391 2270 513 2318 nostra
543 2271 715 2346 repertum
748 2257 964 2318 restituimus.
1021 2254 1113 2319 Vere
1146 2272 1255 2319 autern

166 2367 225 2437 illu
252 2370 293 2435 ab
308 2368 453 2460 Angelio
478 2388 612 2465 reperte
638 2369 704 2436 dici
730 2394 792 2435 nec
820 2393 892 2434 esse
912 2369 953 2433 ab
980 2369 1053 2460 ipso
1079 2369 1255 2448 13013,ἀο-

166 2502 324 2561 cumento
350 2483 403 2552 vel
428 2485 493 2552 hoc
516 2511 588 2553 esse
616 2502 737 2577 potest,
761 2484 855 2578 quod
881 2510 1013 2550 versum
1036 2487 1135 2551 cline
1154 2512 1255 2580 quar·

164 2616 237 2671 mm
263 2625 340 2668 cum
361 2600 492 2681 lacuna,
529 2601 661 2694 qualem
692 2601 727 2667 iu
753 2599 875 2669 chartis
901 2623 978 2667 eum
1002 2602 1166 2668 invenisse
1193 2628 1255 2694 ap-

160 2734 271 2810 paret,
298 2716 385 2809 typis
410 2719 523 2808 repeti
548 2719 661 2785 iussitz
712 2744 714 2747 ·
804 2739 805 2742 ’

266 2830 308 2900 Si
329 2847 490 2898 mtartau
682 2857 734 2899 ou
758 2835 942 2914 Bromium,
977 2833 1135 2924 Deosque
1162 2833 1217 2914 sol
1238 2874 1254 2888 -

756 2953 898 3041 ptarios.
1038 2984 1048 3013 r

166 3059 269 3145 Quod
294 3064 470 3155 quominus
496 3063 616 3132 callide
642 3066 827 3132 institutum
853 3046 1254 3179 susplccredhfpimulcu-

165 3176 229 3245 du‘s
257 3175 382 3246 fiuudis
409 3204 532 3260 caussa,
557 3180 689 3274 Angelii
713 3180 936 3247 additamenta
962 3184 1101 3273 'reputes
1120 3181 1161 3271 pb
1179 3181 1252 3271 ipso

164 3293 295 3371 editore
321 3297 458 3364 inscribi
482 3295 732 3388 Argumentum
757 3297 969 3393 subditivum,
994 3282 1158 3388 prologits
1176 3295 1253 3360 sub-

165 3409 305 3488 ditivos,
330 3411 446 3480 Scena
469 3413 587 3479 itidem
611 3413 792 3485 subditiva.
831 3414 985 3506 Repertis
1010 3414 1110 3504 igitur
1135 3413 1171 3477 in
1193 3411 1281 3477 cli-u

164 3551 233 3620 quo
261 3526 379 3595 codice
406 3529 657 3623 supplementis,
678 3531 851 3623 quaeritur
887 3555 972 3622 quae
1007 3530 1049 3595 sit
1073 3526 1157 3594 fides
1183 3545 1252 3592 tum

162 3641 277 3717 hahita
309 3660 379 3710 tum
409 3644 576 3712 habende.
631 3647 682 3712 Ac
717 3633 872 3738 proximo
905 3645 1046 3739 quidem
1073 3641 1251 3711 intervallo

125 3838 132 3845 ἱ
162 3756 331 3825 Iuntinam
366 3763 537 3854 excipiens
563 3761 714 3829 Venetae
749 3789 777 3833 a.
807 3761 901 3831 1518
927 3761 1036 3828 editor
1060 3760 1165 3825 Lucas
1192 3756 1253 3823 Ol-

160 3873 331 3942 chinensis
366 3877 554 3944 Canonicus
589 3905 687 3970 quam
714 3877 779 3944 illis
805 3876 889 3942 nihil
914 3877 1083 3954 tribuerit,
1117 3889 1252 3940 testatur

161 3989 235 4082 ipsu
261 3988 446 4065 litterarum
475 3992 720 4074 dissimilitudo,
749 3994 868 4086 quibus
897 4019 934 4059 ec
963 3992 1104 4083 exprimi
1128 3989 1254 4056 cutuvit

161 4106 313 4172 seiuncta
338 4108 379 4171 ab
404 4107 613 4204 reliquorum
642 4112 872 4192 continuitate,
904 4132 1040 4199 prorsus
1068 4108 1252 4173 omiserunt

160 4219 273 4287 Aldus
301 4248 445 4316 eumque
473 4228 579 4315 secuti
607 4227 792 4294 Crattmder
817 4229 852 4291 in
876 4223 1059 4292 Basileeusi
1094 4251 1119 4290 a.
1148 4223 1251 4303 1523,

162 4329 358 4429 Stephanus
385 4347 420 4406 iu
441 4343 588 4409 Parisino
613 4372 641 4415 a.
671 4346 773 4425 1530,
801 4344 880 4410 item
907 4341 1101 4424 Lousbiuus3
1128 4341 1251 4407 (iiber-
