2872 4942
160 329 232 405 496
364 355 432 397 rut
484 354 525 395 uc
552 354 702 397 renarro
721 352 898 423 ‚scrutares
926 353 1051 397 oantan

161 524 268 620 leuius
294 524 382 592 dicta
401 525 523 590 multos
549 544 602 591 me
626 527 691 592 hoc
714 544 816 615 paeto
832 531 900 591 ἰαιη
913 526 988 592 dies
1002 528 1229 614 frustramini,

161 667 246 734 quae
273 661 306 708 ct
331 639 579 733 quodleniora
608 663 685 708 suut
716 662 750 708 et
780 642 874 735 quod
901 668 1049 709 caussam
1078 646 1230 711 continent

161 757 337 837 clamandi,
362 759 528 850 praemitti
553 761 665 850 potius
681 759 873 850 oportebat.
903 761 993 852 Quin
1011 759 1144 850 lougius
1165 784 1231 850 per-

160 875 208 965 git
231 873 459 940 ratiocinando
487 872 640 967 duosque
666 876 815 968 integros
851 900 965 940 versus
998 874 1108 940 addit:
1144 875 1232 939 utule-

162 1005 235 1054 stus
259 994 291 1054 si
313 1015 406 1064 stem,
433 988 571 1054 reddite
599 1006 807 1080 argentum,
832 990 972 1070 abier05
1005 994 1231 1082 responsiues

162 1128 279 1170 ontncs
303 1104 368 1169 hoc
394 1104 534 1171 verbum
559 1109 679 1196 eripit:
703 1105 809 1198 qualis
823 1083 1005 1172 verbositas
1020 1130 1089 1172 nec
1106 1107 1142 1171 in
1158 1104 1231 1170 illias

160 1246 273 1288 mores
297 1221 387 1288 cadit
416 1222 520 1315 newa
544 1221 676 1315 reliqua
713 1223 834 1288 horum
860 1246 1058 1309 sermonum
1083 1222 1230 1289 concinna

161 1336 397 1430 aequabilitate
418 1336 681 1405 commendatur.
716 1340 760 1434 Et
773 1364 964 1432 quanquam
984 1310 1230 1453 effluamus

161 1469 211 1519 est
236 1476 316 1518 sane
343 1477 419 1519 eum
444 1451 623 1519 molestum
651 1479 724 1520 esse
751 1455 932 1533 Tranioni,
964 1473 1078 1519 umen
1110 1476 1170 1520 ear
1195 1451 1229 1514 ibi

162 1568 370 1659 potissimum
393 1538 716 1661 ifflommemorass
750 1571 810 1635 ubi
845 1568 994 1636 molestia
1021 1570 1051 1633 ei
1078 1564 1230 1635 nulla-'ex-

165 1682 363 1774 probratur,
396 1684 455 1749 ubi
477 1703 586 1751 autem
613 1688 837 1778 exprobratur
872 1685 934 1772 (ne
957 1689 1006 1749 sis
1031 1684 1226 1749 molestus't.
1267 1674 1269 1721 2

164 1796 243 1882 72),
265 1822 334 1865 nou
359 1802 616 1867 commemorat?
650 1804 803 1868 Permire
826 1818 936 1867 autem
962 1801 1098 1866 subiicit
1123 1797 1228 1865 Tranio

164 1941 191 1982 v.
217 1911 264 1982 64
289 1931 417 1980 sortem
443 1920 578 2007 accipe,
614 1916 721 2011 idque
755 1919 814 1983 ubi
840 1916 901 1982 ille
928 1916 1147 1997 detrectavit,
1182 1935 1226 1978 sex

164 2049 241 2123 post
261 2032 410 2097 versibus
438 2030 551 2098 denuo
579 2033 719 2126 profert.
762 2033 805 2098 Et
830 2031 1001 2125 quomodo
1027 2029 1176 2124 profert?
1196 2041 1227 2100 ut,

164 2172 238 2213 cum
265 2164 360 2213 antea
387 2147 550 2214 danistam
575 2151 729 2241 accipere
755 2167 883 2215 sortem
907 2151 1059 2229 iusserit,
1074 2160 1172 2213 'nuuc
1192 2142 1227 2207 ni·

162 2261 210 2329 hil
236 2263 553 2355 nisipolliciturum
589 2289 661 2330 esse
694 2281 818 2330 sortem
845 2261 1114 2329 Philolachetem
1141 2259 1225 2326 dicat:

163 2378 264 2447 modo
289 2398 384 2446 recte
408 2378 451 2444 de
476 2406 504 2447 v.
517 2384 563 2450 70
591 2381 701 2472 capite
728 2378 769 2459 ΙΙ,
779 2379 845 2465 §.3
872 2381 1093 2445 statuerimus.
1121 2376 1224 2443 Hocine

161 2512 290 2565 rectum
317 2514 349 2564 et
370 2498 490 2587 rationi
518 2499 722 2563 conveniens
748 2523 789 2562 an
815 2520 1012 2588 perversum
1036 2514 1138 2588 atque
1161 2490 1224 2557 adeo

163 2612 441 2704 praeposterum?
500 2617 579 2679 Post
615 2610 764 2677 danistae
791 2629 900 2676 autem
926 2633 1127 2702 responsum
1149 2611 1223 2672 immo

154 2733 302 2815 scaenas,
327 2728 363 2793 id
384 2733 532 2820 primum
559 2727 651 2803 vole,
675 2727 757 2820 quid
781 2746 829 2794 est
856 2752 915 2792 cur
941 2727 1051 2792 subito
1071 2726 1224 2790 iniracun·

166 2844 301 2910 dissiuta
327 2846 427 2911 verba
453 2845 579 2910 Tranio
604 2870 632 2910 v.
661 2841 791 2936 65sqq.
818 2861 979 2934 erumpat,
1007 2843 1131 2934 quibus
1149 2839 1222 2904 misso

166 2959 323 3051 placandi
350 2959 496 3025 danistae
533 2956 672 3025 consilio
696 2960 758 3024 iam
785 2957 940 3023 infestum
965 2957 1113 3022 animum
1141 2950 1224 3046 palam

165 3076 343 3169 profitetur
366 3095 398 3142 et
424 3075 629 3143 adversarius
656 3074 844 3140 adversario
872 3071 1022 3139 obsistit?
1086 3074 1160 3139 Non
1188 3061 1225 3130 illa

165 3194 276 3285 potius
302 3191 449 3258 danistae
477 3193 580 3257 verba
596 3189 838 3256 exardescendi
863 3190 945 3254 iusta
970 3213 1084 3254 caussa
1108 3188 1225 3257 fuerant

167 3335 266 3401 quam
293 3308 384 3400 quod
411 3307 649 3373 Philolachetis
680 3304 739 3372 ille
773 3330 895 3372 nomen
931 3303 1144 3370 clamaverat:
1177 3301 1226 3364 ‘hoc

169 3424 256 3490 euim
290 3447 358 3488 non
399 3425 507 3513 potuit
548 3420 805 3513 Theuropidem
847 3421 980 3511 fugere:
1022 3420 1111 3484 banc
1151 3416 1227 3511 igitur
1267 3490 1269 3497 Ι

167 3556 310 3632 oportet·
337 3563 484 3604 caussam
516 3564 609 3616 esse,
649 3563 708 3603 cur
736 3535 970 3630 permulcendi
1005 3533 1228 3622 amovendiqut

165 3655 382 3722 faeneratoris
419 3679 478 3745 spe
514 3656 604 3719 omni
638 3655 767 3719 abiecta
794 3680 810 3718 a
835 3651 1054 3744 promittendi
1081 3645 1228 3716 blanditiis

167 3771 208 3837 ad
225 3769 414 3863 denegandi
440 3768 711 3863 repudiandique
729 3767 944 3835 contumelias
969 3770 1096 3834 Tranio
1112 3777 1228 3857 repente

165 3906 320 3955 trauseat.
352 3885 591 3979 progredimur
617 3885 660 3950 ad
686 3913 714 3951 v.
728 3887 788 3953 73:
815 3903 850 3949 tu
869 3885 960 3948 solus
982 3883 1087 3948 credo
1097 3887 1228 3967 faenore

167 4019 349 4091 argutatum
375 3987 485 4066 (letas.
545 4004 585 4066 Ei
612 4003 667 4066 hic
693 4027 759 4066 nou
786 4026 884 4093 posse
911 4026 1008 4066 suum
1037 4000 1147 4066 locum
1173 4012 1225 4059 esst

168 4116 302 4207 pridem
324 4136 541 4208 perspectum
569 4136 626 4183 est.
692 4121 776 4183 Nam
803 4117 917 4181 saltem
945 4116 1111 4207 praeponi
1141 4101 1224 4178 versui

170 4235 215 4301 72
248 4233 421 4319 (istolestus
447 4260 491 4298 uc
513 4239 581 4298 sis:
617 4258 715 4298 ascuto
739 4233 817 4297 slat:
856 4258 922 4322 age
949 4231 1032 4324 quid
1056 4227 1156 4311 lohet)
1180 4223 1223 4286 de·

169 4345 285 4413 buerat
307 4369 448 4443 propter
474 4349 614 4416 eandem
642 4350 802 4416 rationem
831 4376 935 4442 quam·
955 4375 1004 4420 vv,
1032 4332 1222 4420 61e159.60
