2872 4942
458 334 464 351 ί
543 373 736 419 susurrum·
1086 374 1174 417 nvn
1207 416 1226 443 ῃ

85 537 188 634 όχου
215 544 261 636 τῇ
274 540 452 637 ἀριστερᾷ
477 537 576 634 χειρὶ
588 539 655 620 τὰς
677 538 775 619 ἡνίας
790 537 1042 632 συλλαβόντος
1068 535 1177 620 αὖθις

87 636 329 735 ἐψηφίσαντο
359 639 426 718 aba
455 637 601 730 πομπὴν
627 639 814 707 ἐπιτελεῖν.
840 640 879 706 ἐν
911 633 951 709 δὲ
977 646 1055 718 τοῖς
1079 639 1177 709 κάτα

86 737 240 833 χρόνοις
262 734 351 829 μίαν
367 734 505 807 θυσίαν
520 737 773 834 τριακοντάκις
793 735 977 817 ἐποίησαν,
1003 735 1060 807 ciel
1079 763 1178 819 τινος

87 835 337 929 ἐλλείμματος
366 830 385 916 ἢ
410 838 738 931 προσκρούσματος
771 831 942 927 γίνεσθαι
975 829 1176 918 δοκοῦντος.

27 998 53 1020 .,
86 941 212 1015 Dionis
237 940 307 1020 LX,
333 936 370 1007 6:
397 934 610 1049 είῇρσμένου
634 958 676 1004 τε
704 937 736 1003 ei
760 933 821 1002 καὶ
848 935 973 1005 ὁτιοῦν
1004 933 1084 1030 περὶ
1108 936 1177 1017 τὰς

88 1035 303 1129 πανηγύρεις
336 1022 406 1116 ’ἔξω
431 1040 498 1102 τοῦ
533 1033 793 1125 νενομισμένου
826 1035 995 1130 πραχθὲν
1034 1030 1176 1130 ἔτυχεν,

90 1126 203 1215 αὖθις
227 1128 557 1225 αὐτὰςγίγνεσὲαι,
582 1132 644 1201 καί
670 1132 845 1211 πολλάκις
870 1139 983 1202 τοῦτο
1011 1132 1073 1201 καὶ
1098 1130 1176 1229 τρί-

89 1257 160 1302 τον
180 1231 243 1301 καὶ
267 1232 448 1323 τέταρτον
462 1232 628 1324 πέμπτον
653 1255 694 1301 τε
719 1227 781 1300 καί
807 1225 961 1302 δέκατον
987 1225 1176 1317 ἔστινὸτι,

90 1330 139 1401 τὸ
166 1332 232 1423 μέν
258 1355 297 1399 τι
316 1330 414 1399 κατὰ
432 1330 560 1425 τύχην,
583 1330 628 1399 τὸ
656 1326 696 1401 δὲ
722 1323 765 1409 δὴ
785 1330 964 1400 πλεῖστον
990 1333 1028 1398 ἐκ
1060 1357 1176 1430 παρα-

89 1430 218 1510 σκευῆς
228 1434 298 1500 τῶν
308 1430 564 1525 ὠφελουμένων
577 1427 638 1498 ἀπ’
652 1430 770 1498 αὐτοῦ
780 1428 1044 1525 συμβαίνοντος
1058 1460 1084 1499 e.
1100 1461 1133 1526 q.
1150 1460 1175 1501 s.

91 1535 237 1600 Arnobii
262 1532 334 1598 adv.
360 1549 448 1624 gent.
475 1533 531 1612 lv,
566 1535 629 1600 31:
663 1533 714 1599 In
737 1536 951 1599 caerimoniis
978 1537 1097 1598 vestris
1122 1558 1176 1598 re-

94 1631 221 1726 busque
243 1631 367 1698 divinis
381 1628 629 1723 postulionibus
650 1630 743 1696 locus
767 1647 819 1696 est
843 1648 878 1697 et
899 1633 1027 1723 piaculi
1049 1631 1175 1698 dicitur

93 1748 278 1798 contracta
312 1755 384 1795 esse
411 1734 607 1806 commissio,
633 1733 665 1795 si
686 1754 750 1820 per
774 1730 1022 1820 imprudentiae
1046 1732 1176 1824 lapsum
1275 1761 1280 1771 ·

92 1847 159 1896 aut
191 1835 226 1895 iu
255 1827 357 1909 uerbo¹
376 1833 539 1920 quispiam
564 1846 625 1894 aut
648 1832 810 1919 simpuvio
828 1826 1028 1910 ''cleerrarit5
1060 1847 1121 1897 aut
1145 1835 1177 1898 si

93 1954 197 1995 cursu
237 1934 275 1997 in
301 1926 518 2033 solennibusa
533 1927 629 2001 laclia
653 1929 893 2020 curriculisque
926 1931 1051 1998 divinis
1085 1954 1175 1996 com-
1205 1924 1217 1945 ‘

94 2032 230 2095 missum
252 2053 370 2093 omnes
394 2031 509 2113 statim
536 2031 573 2093 in
598 2027 783 2118 religiones
808 2029 962 2094 claritatis
983 2054 1120 2105 sacras,
1144 2033 1177 2095 si

93 2126 207 2194 ludius
240 2131 394 2193 constitit
422 2143 482 2192 aut
512 2125 639 2192 tibicen
674 2144 815 2218 repente
846 2133 1029 2202 conticuit,
1064 2144 1124 2194 aut
1144 2133 1177 2195 si

86 2231 259 2321 patrimus
293 2227 349 2292 ille
387 2230 445 2317 qui
479 2230 648 2292 vocitatur
672 2250 759 2316 puer
784 2229 895 2303 omisit
917 2253 981 2318 per
1006 2231 1176 2317 ignoran-

89 2331 178 2395 tiam
203 2326 312 2392 lorum
343 2343 403 2391 aut
437 2340 566 2390 terram
599 2340 717 2390 tenere
750 2332 821 2391 οὖα
849 2331 971 2416 potuit.
1024 2328 1175 2408 Quorum

87 2451 171 2519 pars
199 2451 236 2490 ex
259 2439 339 2491 oroi.
367 2423 409 2490 de
435 2424 567 2515 harusp.
592 2449 684 2514 resp.
711 2450 737 2492 e.
768 2430 807 2492 11
837 2427 1033 2515 transcripta
1057 2441 1114 2489 est.

193 2534 299 2597 Raro
326 2522 422 2589 allata
459 2522 567 2591 Servii
597 2523 711 2588 verba:
744 2539 780 2588 ut
814 2526 917 2588 etiam
943 2526 1091 2594 Varro
1123 2525 1175 2589 in

95 2620 217 2690 ludis
254 2608 560 2689 tlteatralibti'i
594 2620 695 2687 docet
736 2623 812 2708 (nee
851 2621 939 2687 enim
980 2625 1067 2688 iusta
1095 2647 1175 2704 ,esse

98 2745 213 2785 caussa
229 2720 361 2802 videtur,
388 2746 447 2786 cur
463 2720 557 2786 libris
580 2721 743 2787 scribatur
768 2745 831 2813 pro
846 2718 958 2804 ludis),
985 2721 1175 2788 sortasse

91 2843 163 2885 nec
189 2817 231 2883 ad
254 2818 354 2887 libros
385 2818 428 2884 de
459 2818 648 2911 originibus
672 2823 816 2885 scenicis
840 2819 1020 2900 Varronis,
1046 2845 1109 2888 nec
1132 2818 1174 2885 ud

90 2942 151 2984 eos
179 2943 261 3010 quos
294 2919 339 2987 de'
364 2917 555 2985 actionibus
578 2922 722 2984 scenicis
746 2919 895 3010 scripsit,
919 2917 981 2985 sed
1007 2918 1050 2985 ad
1071 2916 1176 2991 Anti-
1254 2944 1259 2954 ·

88 3022 243 3108 quitates
274 3043 388 3085 rerum
421 3018 615 3084 divinarum
640 3036 811 3110 spectant,
846 3043 985 3110 quarum
1014 3017 1102 3084 libro
1130 3019 1175 3083 X.

91 3134 260 3183 servatum
286 3144 303 3183 a
325 3118 441 3184 Servio
461 3119 681 3208 fragmentum
708 3118 824 3183 tribuit
841 3116 1028 3184 Merkelius
1046 3116 1175 3206 Proleg.

88 3216 125 3280 iu
160 3215 257 3282 Ovid.
288 3218 376 3283 Fust.
413 3242 448 3307 p.
485 3217 618 3283 CLXII.
678 3217 741 3282 Cui
783 3234 892 3282 tamen
928 3215 1067 3282 credere
1105 3214 1177 3282 noli

89 3315 279 3380 Varronem
306 3340 373 3382 uon
396 3334 522 3382 tantum
548 3315 591 3381 rie
607 3314 798 3381 actionibus
819 3317 973 3393 scenicis,
996 3313 1176 3381 sedetiam

95 3410 141 3476 cle
173 3419 311 3481 actione
342 3419 480 3481 scenica
517 3431 774 3481 commentatum
811 3439 896 3480 esse:
935 3413 1027 3506 quod
1062 3415 1176 3481 vitium

96 3511 239 3577 Charisii
261 3515 451 3581 Putschiani
483 3512 530 3606 (p.
553 3513 610 3592 74,
635 3507 699 3600 39)
737 3513 930 3581 novissimus
967 3512 1075 3578 editor
1102 3511 1178 3577 dili-

89 3613 224 3703 gentius
256 3611 387 3679 sustulit
412 3640 511 3706 quam
538 3640 571 3704 p.
588 3617 666 3691 119,
692 3615 738 3680 47
767 3630 896 3679 exstans
922 3609 965 3676 tle
989 3610 1179 3677 actionibus

87 3713 444 3781 scenis-Ceterum
471 3715 579 3779 Varro
606 3715 633 3777 si
658 3713 781 3777 Rerum
808 3709 993 3797 duismense
1019 3710 1107 3776 libro
1121 3710 1178 3775 IX.
1258 3714 1260 3719 '

88 3807 136 3874 de
160 3810 366 3876 circensibus
391 3810 499 3890 ludis,
525 3810 570 3876 ‹le
597 3811 738 3877 scenicis
764 3809 785 3878 l.
811 3810 852 3873 X.
881 3810 988 3901 egisse
1017 3808 1165 3875 creditur

88 3925 205 3974 tamen
231 3908 382 3975 Plautum
411 3912 459 3976 his
487 3911 623 4003 quidem
649 3909 743 3975 libris
770 3910 821 3975 vix
849 3909 969 3999 attigit:
1004 3927 1038 3975 ut
1063 3908 1179 3977 merito

86 4010 416 4100 praetermiserimus
428 4007 468 4097 p.
486 4027 547 4085 179
572 4036 621 4102 sq.
1185 4078 1195 4097 ‚

146 4132 173 4179 a,
193 4106 362 4173 Ibidem
389 4135 406 4173 e
426 4109 577 4175 Varrone
605 4127 862 4175 coirimcmorata
888 4107 1023 4199 Appii
1050 4105 1124 4172 Clu
1138 4133 1180 4169 u-

88 4203 162 4271 dii
196 4206 340 4272 Pulcri
377 4207 585 4275 aedilitas
621 4207 754 4274 videtur
778 4232 855 4288 sane
882 4206 924 4272 ad
949 4233 975 4276 a.
1002 4207 1073 4277 536
1101 4230 1214 4296 μοι»,

87 4306 213 4389 tinere,
233 4333 264 4377 v.
284 4307 347 4375 Liv.
362 4307 469 4386 xxti,
485 4309 550 4377 53:
578 4305 713 4401 quando
728 4309 754 4373 is
778 4308 941 4400 Appius
968 4302 1179 4373 Claudius
