2872 4942
515 396 679 440 rmrsvmm
706 395 912 439 rtsvrmsee
1179 368 1247 440 551

161 564 249 630 nslis
276 566 456 644 sententia,
489 567 581 632 cuius
608 568 671 631 iam
696 567 737 631 ab
759 566 854 630 initio
878 564 962 631 sacta
991 581 1062 630 erat
1088 564 1253 654 significe-

159 683 209 747 tio
231 678 275 765 '‘):
302 680 362 746 sed
385 683 502 746 iterata
529 698 579 746 est
605 683 762 747 uberiore
789 682 988 773 interposita
1015 678 1253 772 descriptione,

163 822 234 889 qua
260 822 334 865 cum
369 798 551 888 propinqui
586 796 675 862 exitii
711 799 803 863 notio
840 816 996 888 tanquam
1031 814 1106 861 entc
1140 792 1254 862 oculos

165 929 330 1004 ponatur,
356 910 513 977 facillime
545 931 578 976 et
604 910 772 977 sentiendi
799 914 927 977 veritati
952 913 1027 976 satis
1056 909 1256 976 convenien-

167 1044 225 1092 ter
250 1025 296 1091 ad·
321 1028 472 1118 praestiti
506 1026 617 1091 anxilii
653 1028 884 1145 cogitationpm
919 1029 1046 1092 animus
1069 1042 1255 1091 revocatur.

167 1142 375 1235 intelligisne
401 1143 519 1234 igitur,
544 1168 642 1233 qoam
671 1142 846 1208 commode
871 1161 947 1234 post
971 1141 1024 1206 dei
1052 1141 1255 1205 mentionem

170 1259 213 1322 sb
238 1259 330 1323 initio
355 1257 632 1349 laetissimosque
658 1276 697 1322 tc
709 1256 828 1344 soret)
855 1260 890 1322 io
915 1258 981 1323 fine
1003 1256 1152 1348 potuerit
1178 1255 1257 1318 sim-

168 1372 307 1464 pliciter
327 1398 400 1464 pasc
426 1375 773 1439 commemoraritnoo
806 1372 920 1439 addito
938 1340 1009 1438 'bia
1035 1367 1256 1462 pronomine?

168 1522 219 1537 --
244 1488 284 1550 V.
302 1488 345 1556 19
372 1513 439 1552 non
466 1487 600 1552 dubiam
630 1488 770 1555 ilcidalii
795 1487 1061 1552 emendationem
1087 1481 1210 1576 Apage
1235 1504 1258 1546 a

169 1626 225 1667 me
251 1602 422 1677 confirmat
443 1604 574 1667 Ambe:
605 1605 640 1666 in
670 1602 810 1695 reliquis
843 1602 936 1667 libris
965 1601 1088 1669 excidit
1112 1622 1258 1692 proepo-

168 1718 257 1784 sitio.
309 1719 348 1782 In
376 1717 559 1783 eorundem
585 1718 747 1808 scriptura
771 1717 898 1783 deinde
926 1717 1019 1791 binc,
1046 1741 1064 1781 e
1091 1742 1155 1807 qua
1179 1716 1256 1781 satis

170 1859 238 1926 per
270 1860 305 1899 se
340 1834 561 1924 probabiliter
597 1838 808 1901 Hermannus
846 1833 1000 1898 effecerat
1032 1831 1158 1896 deinde
1190 1832 1257 1906 bic,

168 1949 307 2016 Bothius
340 1953 517 2041 perspexit
546 1951 674 2016 deliine
700 1951 825 2025 latere,
861 1949 984 2014 debinc
1010 1953 1079 2013 iam
1103 1948 1258 2038 praebuit

171 2067 289 2133 Ambr.
322 2066 390 2132 Sed
416 2069 584 2131 verissime
612 2069 821 2132 Hermannus
848 2090 900 2130 me
923 2069 993 2129 otio
1017 2063 1111 2143 dare,
1140 2081 1173 2128 et
1191 2063 1258 2128 dis-

171 2201 313 2273 crepant
334 2184 400 2274 ipsi
421 2182 517 2263 libri,
558 2208 700 2275 quorum
734 2182 822 2249 solus
848 2182 963 2246 Ambr.
990 2185 1060 2246 otio
1086 2179 1171 2244 dare
1196 2201 1259 2260 me,

174 2298 278 2363 ceteri
305 2303 374 2363 otio
400 2322 452 2362 me
478 2297 573 2363 dare.
614 2339 663 2353 -
711 2299 751 2364 V.
775 2301 821 2366 ΩΟ
852 2297 1020 2362 immerito
1048 2296 1257 2360 Hermannus

170 2411 337 2480 librorum
363 2416 555 2480 memoriam
583 2414 711 2506 Quibus
736 2418 909 2479 aerumnis
934 2411 1119 2491 delectari,
1156 2411 1202 2497 (h.
1229 2435 1256 2476 e.

171 2532 259 2596 satis
282 2546 418 2622 portum
444 2529 552 2595 babeo
578 2534 620 2594 iis
642 2534 831 2608 aerumnis,
858 2508 976 2621 picibus
1003 2553 1066 2590 —:
1103 2525 1138 2591 id
1165 2524 1258 2618 quod

170 2645 223 2715 vel
248 2647 383 2712 Bothius
406 2664 571 2713 assecutus
599 2644 666 2730 est)¹
688 2646 883 2738 posthabuit
908 2643 1014 2709 fallaci
1038 2642 1140 2707 Nonii
1166 2641 1258 2706 testi-

169 2762 285 2829 m'onio
314 2787 346 2853 p.
372 2761 463 2832 468:
504 2763 586 2829 Cum
608 2762 700 2827 bisce
722 2766 894 2827 aerumnis
919 2759 1111 2832 delatravi,
1138 2772 1260 2823 mutato

172 2877 313 2971 quidem
343 2903 416 2943 com
440 2880 474 2942 io
500 2876 579 2942 dom
605 2876 706 2970 (quac
724 2877 886 2970 particula
901 2900 970 2942 nou
993 2874 1172 2954 deluctavi,
1196 2872 1258 2938 sed

227 3150 253 3223 ⁴)
277 3150 322 3200 llic
344 3148 556 3216 quemadmodum
583 3148 686 3214 gemina
713 3147 826 3213 protasis
852 3144 961 3212 simplici
990 3143 1115 3194 dirimitur
1142 3140 1260 3208 spodosi,

280 3246 316 3295 its
340 3244 450 3312 simplici
477 3244 573 3310 protasi
601 3242 697 3309 duplex
723 3241 845 3308 spodosis
873 3240 997 3305 Aeschyli
1025 3240 1096 3306 Sept.
1120 3239 1259 3306 tttsqq.:

280 3341 335 3393 ἄλλ’
356 3344 403 3394 ἐπὶ
421 3340 566 3411 δαιμόνων
583 3339 743 3410 πρόδρομος
758 3333 870 3404 ἦλθον
887 3335 993 3406 ἀρχαῖα
1012 3316 1092 3406 ipim
1106 3341 1199 3389 θεοῖσι
1213 3337 1249 3387 πί

282 3453 382 3496 coros,
408 3431 533 3506 νιφάδος
552 3431 597 3488 b'r’
617 3433 700 3492 ὀλοᾶς
718 3437 878 3505 redopertae
904 3432 1008 3504 βρόμος
1028 3433 1059 3486 ἐν
1077 3428 1195 3492 πύλαις,
1227 3420 1258 3493 ‘ll

280 3530 345 3585 τότ’
364 3529 457 3603 ,ἤρθη
471 3550 486 3581 ν
508 3527 586 3600 φόβῳ
606 3521 678 3599 πρὸς
694 3525 835 3600 μακάρων
857 3524 940 3587 λιτάς.
964 3560 994 3569 -
1020 3526 1131 3578 Plautini
1150 3521 1261 3590 exempli

283 3624 426 3676 simillimos
447 3624 559 3674 dicerem
577 3623 680 3690 prologi
709 3623 853 3674 Terentieni
882 3637 989 3686 versus,
1018 3621 1119 3673 Phorm.
1142 3622 1173 3671 13
1188 3635 1262 3687 sqq.:

288 3720 363 3771 Vetus
380 3721 409 3769 si
429 3728 505 3787 poeta
523 3735 592 3768 non
615 3719 766 3782 lacessisset,
791 3718 895 3770 Nullum
914 3719 1037 3769 inveniro·
1047 3714 1180 3784 prologum
1199 3731 1262 3783 pos-

283 3824 321 3866 sst
336 3831 415 3865 nosos
435 3815 513 3878 Quem
533 3815 639 3877 diceret,
660 3831 679 3863 s
691 3816 701 3864 i
711 3815 744 3865 si
760 3815 865 3865 liaberet
882 3815 925 3864 cui
940 3812 1119 3889 malediceret:
1145 3810 1194 3860 nisi
1213 3809 1262 3861 ho·

287 3927 341 3961 rum
361 3919 517 3977 postremum
538 3925 657 3961 versuum
676 3910 814 3960 insiticium
833 3925 891 3960 esse
908 3917 935 3959 et
952 3906 1141 3974 eglossemotis
1162 3904 1263 3980 confla·-

286 4015 338 4057 tum
359 4005 425 4057 Guil.
443 4005 530 4056 lhnius
551 4005 654 4068 Quaest.
680 4003 780 4054 Terent.
801 4019 827 4071 p.
846 4002 881 4054 42
902 4005 1001 4053 naviter
1027 4003 1192 4068 perspexisse
1222 4004 1264 4054 vi.

285 4101 396 4151 deretur.
440 4100 487 4151 Cui
518 4099 632 4149 tamdiu
659 4098 884 4149 obsecundandum
911 4096 1096 4164 intelligimus,
1126 4113 1202 4166 quam
1220 4097 1263 4149 diu

216 4266 220 4271 Ι
287 4211 338 4246 noo
358 4197 506 4257 dicere,
537 4194 583 4245 sed
607 4193 918 4261 scribereprolopom
938 4200 1069 4259 poetae
1094 4208 1152 4245 esse
1172 4194 1263 4245 existi-

286 4291 403 4342 mabitur.
434 4321 466 4330 -
505 4289 623 4340 Ceterum
641 4291 788 4356 nuperrime
807 4288 839 4340 de
857 4288 905 4339 hoc
924 4304 1021 4356 genere
1040 4289 1115 4340 etism
1137 4289 1261 4358 Bergkius

290 4387 353 4437 dixit
371 4387 452 4475 llusfi
473 4385 628 4452 plrilol.›lll‚
648 4401 673 4452 p.
692 4383 753 4437 417.
794 4442 805 4456 Ι,
