2872 4942
181 325 254 395 518
500 349 542 389 tx.
594 349 636 388 no
660 346 951 392 totnsnottttotts.

178 539 274 586 retur
299 519 438 610 figurato
464 496 638 584 iocabnlo.
696 518 797 610 Atqui
829 518 894 585 hoc
921 542 990 584 non
1015 480 1158 610 quadro
1180 544 1245 611 pto-

178 635 268 702 fecto
295 636 329 699 in
358 658 474 701 eorum
501 606 622 725 genui,
650 657 733 726 quos
759 634 856 699 tertio
884 632 961 699 loco
990 631 1146 701 Callicles
1170 659 1244 702 com·

176 768 350 841 memorat.
409 749 494 816 Nam
519 775 593 818 cum
620 751 682 815 trio
706 748 858 815 videntur
883 776 1007 843 genera
1035 750 1120 819 hoec
1140 753 1243 844 signiti-

178 880 267 948 care,'
295 891 413 933 eornm
439 890 524 959 quos
550 868 633 932 sciat
658 867 780 933 amicos
807 891 889 946 esse,
915 892 1032 933 eorum
1054 893 1139 960 quos
1155 869 1243 958 suspi-

178 1003 272 1050 cetur
297 999 423 1048 tantum
450 982 484 1047 h.
510 1006 537 1047 o.
564 1006 647 1074 quos
674 983 776 1074 magis
804 980 922 1049 credat
953 1008 1055 1074 quam
1086 1008 1151 1049 non
1183 1008 1243 1049 cro-

178 1099 255 1179 dat,
289 1123 405 1191 eorum
439 1096 587 1190 denique
614 1096 657 1163 de
684 1099 805 1189 quibus
831 1098 895 1162 sibi
922 1122 1061 1190 prorsus
1086 1124 1152 1165 oon
1178 1124 1242 1165 coo-

174 1233 257 1281 stet:
297 1196 438 1279 nimium
464 1231 599 1280 estnec
622 1215 742 1281 rationi
769 1216 990 1293 conveniens,
1025 1240 1094 1280 oon
1120 1240 1243 1308 perve-

171 1332 247 1396 nire
274 1328 317 1395 ad
342 1353 501 1396 verorum
528 1327 722 1420 dignitatem
749 1330 931 1395 amicorum
960 1352 1017 1395 eos
1036 1329 1118 1409 diei,
1142 1326 1242 1422 qniad

174 1470 252 1509 eum
278 1461 436 1536 tanquam
462 1441 603 1536 gradum
629 1442 806 1509 voluntatis
825 1468 869 1507 ne
897 1445 1086 1534 aspiracont
1106 1444 1243 1537 quidem:

171 1586 247 1624 nam
276 1561 333 1650 qui
361 1557 498 1651 quidem
524 1561 722 1650 aspinarnnt,
745 1559 769 1622 ii
795 1558 839 1623 ad
864 1546 972 1650 ipsutn
994 1585 1097 1651 genus
1118 1560 1242 1625 medion

171 1676 351 1766 pertinent.
403 1676 449 1740 Vt
473 1674 539 1740 hoc
565 1677 674 1766 potius
702 1673 881 1740 dicendum
909 1675 1023 1741 suerit:
1049 1693 1152 1750 sunt,
1176 1699 1243 1766 qnos

173 1793 243 1855 scio
270 1814 343 1854 esse
369 1794 517 1866 anticos,·
537 1807 618 1854 sunt
644 1814 728 1881 quos
753 1789 871 1854 dubito
896 1814 977 1854 nom
1002 1790 1050 1855 ad
1075 1795 1241 1856 amicorum

171 1894 308 1997 partem
330 1910 534 1997 pervenire
559 1904 692 1986 dicam3
718 1923 812 1980 sunt,
837 1930 920 1998 qnos
943 1911 980 1970 in
1003 1911 1185 1990 anticorum
1206 1930 1242 1968 on

175 2025 391 2087 inimicorum
417 2047 593 2087 numerum
620 2026 776 2087 venire
801 2021 947 2102 credam,
972 2047 1115 2114 prorsus
1136 2027 1242 2096 nescio.

176 2169 223 2182 -
251 2138 363 2228 Atque
390 2137 474 2201 haec
501 2138 545 2201 ita
569 2135 828 2228 disputavimus,
862 2155 897 2202 ut
922 2164 940 2202 a
967 2137 1125 2205 tralaticia
1149 2163 1243 2204 versus

175 2254 221 2319 55
250 2251 356 2338 (Sunt
378 2277 521 2345 qnorum
542 2257 686 2342 ingenio
714 2279 742 2318 e.
774 2279 808 2345 q.
836 2249 877 2337 s.)
905 2271 938 2318 et
961 2256 1128 2346 scriptura
1158 2275 1188 2321 et
1208 2257 1244 2319 in·

177 2368 420 2458 terpretatione
443 2369 747 2460 proficisceremur.
810 2369 849 2433 In
877 2372 967 2435 cuius
994 2369 1107 2436 locum
1133 2371 1241 2438 tametsi

176 2485 253 2551 satis
283 2510 362 2550 sane
388 2483 552 2551 diversam
586 2485 747 2550 rationem
782 2484 1045 2551 substituendam
1082 2512 1154 2554 esse
1183 2485 1243 2550 dili-

177 2602 310 2693 gentior
336 2599 524 2693 disquisitio
552 2603 739 2667 sententiae
766 2599 913 2679 docebit,
939 2601 1045 2668 nihilo
1065 2621 1174 2671 tamen
1190 2627 1242 2667 roa-

179 2716 227 2806 gis
253 2714 366 2793 illum,
398 2742 414 2781 a
450 2741 517 2808 quo
544 2718 654 2782 exorsi
676 2741 804 2793 sumus,
843 2741 974 2781 versum
1006 2719 1106 2782 tutari
1137 2717 1241 2784 licebit

178 2829 324 2896 Omnino
353 2833 440 2896 enim
466 2829 681 2897 falsissimum
709 2849 767 2910 cst,
795 2830 888 2922 quod
914 2857 1015 2922 supra
1040 2831 1242 2925 largiebamur

178 2962 323 3024 tantum,
362 2948 559 3038 tripertitam
591 2973 665 3013 esse
690 2945 838 3012 Calliclis
873 2949 1073 3012 orationem:
1114 2968 1241 3037 veroque

178 3060 303 3127 iudicio
317 3056 349 3146 *)
380 3064 620 3141 Camerarium,
644 3065 703 3154 qui
728 3063 861 3128 tertium
888 3061 972 3126 illud
995 3080 1076 3128 snm
1099 3058 1258 3128 verstiill'

179 3177 400 3266 praemissum
427 3177 615 3257 deleverat,
641 3197 772 3245 secutus
798 3177 965 3244 Beckerus
993 3178 1036 3244 dc
1063 3204 1146 3245 com.
1171 3181 1241 3244 Ros

179 3289 245 3357 fab.
271 3317 303 3383 p.
332 3297 352 3360 7
381 3292 446 3359 duo
471 3311 597 3360 tantum
623 3319 747 3386 genera
782 3293 957 3360 contendit
990 3313 1084 3361 recte
1116 3292 1241 3385 cogitari,

180 3402 321 3471 alterum
349 3431 463 3473 eorum
490 3434 574 3500 quos
598 3408 753 3476 Callicles
780 3412 884 3488 sciat,
913 3407 1071 3489 alterum,
1103 3434 1184 3502 quos
1202 3432 1242 3480 so,

180 3522 328 3613 spicetut·
353 3525 477 3590 amicos
506 3549 600 3590 esse:
625 3526 686 3592 hos
713 3526 801 3590 enim
817 3549 880 3590 cos
897 3525 988 3616 ipsos
1011 3550 1095 3604 esse,
1122 3544 1241 3616 quorun

178 3635 236 3704 ille
265 3638 399 3731 ingenia
421 3656 520 3730 atque
548 3643 674 3707 animos
697 3665 764 3706 non
798 3642 874 3705 satis
906 3643 1046 3706 noverit.
1112 3645 1196 3724 Quos
1222 3635 1242 3701 si

179 3773 303 3834 nosset,
330 3779 399 3821 non
424 3759 656 3847 suspicaretur,
684 3756 743 3822 scd
770 3758 880 3823 sciret.
899 3790 942 3802 -
960 3758 1005 3820 At
1029 3781 1119 3835 veto,
1146 3755 1242 3846 inquit,

182 3872 244 3953 ¹otsi
278 3895 363 3962 quos
404 3874 590 3964 suspicatur
625 3891 768 3949 tontum,
804 3871 959 3963 prolecto
995 3897 1065 3937 non
1101 3849 1243 3964 pernovit,

113 4028 123 4043 ,
180 3980 317 4050 hinoioe
345 3984 455 4053 altero
475 4013 515 4053 ex
540 4008 635 4079 parto
661 3990 726 4057 hoc
747 3989 970 4080 consequitur,
996 4006 1031 4053 ut
1053 3996 1137 4080 qnos
1157 3983 1246 4053 homi-

109 4142 263 4197 .-...,..,,·,Ι
432 4144 435 4152 ·

241 4248 266 4314 'J
286 4245 364 4296 Cuius
383 4251 461 4298 miror
480 4251 613 4301 veritatem
638 4265 689 4300 non
712 4257 874 4315 perspectam
895 4265 953 4299 osso
972 4247 1004 4298 ob
1023 4246 1053 4298 G.
1072 4245 1101 4299 1³.
1123 4245 1252 4298 {temon

284 4340 392 4407 Ephcm.
413 4342 460 4405 titt,
477 4343 533 4397 Hal.
556 4360 579 4396 a.
599 4345 666 4398 1838
686 4361 719 4396 m.
739 4344 793 4398 lau.
814 4361 837 4412 p.
860 4344 919 4396 130.
