2872 4942
190 353 286 426 3941
596 376 652 421 vu.
676 374 719 417 nc
744 372 866 417 actori.

188 550 386 643 superstites
421 549 486 616 XX
516 572 592 614 cum
623 545 795 613 Vidularia
835 546 917 638 quin
950 546 1046 639 ipsae
1086 542 1167 613 illae
1199 544 1269 613 xxi

183 667 416 775 farronicnae
442 666 516 743 sint,
538 689 607 729 non
631 661 729 729 video
756 686 831 729 cum
853 664 1020 729 Grauerto
1055 660 1167 749 (Dior.
1186 665 1270 731 sebo-

190 778 254 847 last
279 807 307 847 a.
333 781 426 850 ¹828
451 806 484 872 p·
512 777 608 848 1166
631 797 664 845 et
688 777 784 844 Anal.
819 778 893 845 hist
931 796 966 845 ct
985 776 1108 871 philol.
1124 804 1170 871 -p,
1199 776 1269 863 130)

192 895 367 964 dubitandi
391 896 572 961 rationem:
599 911 664 975 aut,
689 891 782 986 quod
804 892 991 986 amplector
1014 891 1211 977 lubentius,
1235 918 1270 959 ae

191 1011 376 1079 Bacchides
403 1009 541 1104 quidem
567 1034 608 1076 ex
630 1007 837 1102 reliquarum
862 1011 1023 1077 societate
1047 1009 1195 1090 exemit,
1221 1004 1269 1077 sed

191 1147 267 1195 ante
293 1128 449 1220 Captivos
474 1124 658 1193 collocavit
705 1123 806 1193 Vnde
833 1126 1024 1217 posteriore
1044 1124 1190 1193 demum
1203 1138 1294 1191 ιειιι·Ι

86 1319 89 1324 ,
192 1268 277 1338 pore
304 1242 416 1310 avulsa
441 1241 588 1336 religiosi
614 1242 681 1307 sive
705 1242 909 1333 grammatici
942 1242 1011 1311 siae
1031 1240 1168 1309 librarii
1188 1241 1270 1309 sedu-
1308 1250 1311 1289 ³

192 1359 282 1426 litate
304 1357 417 1425 locum
441 1375 519 1451 past
542 1357 723 1450 Epidicum
747 1359 885 1425 invenit.
911 1358 1012 1442 Quod
1028 1384 1113 1427 num
1129 1361 1196 1427 iam
1212 1384 1271 1426 aas·

193 1474 270 1543 culo
293 1501 328 1567 p.
345 1475 407 1541 Ch.
434 1475 550 1566 quicto
577 1473 698 1541 factum
715 1475 767 1553 sit,
794 1500 863 1567 quo
882 1476 1152 1568 antiquissimum
1164 1474 1272 1542 librum

192 1591 453 1658 Ambrosianum
477 1607 596 1682 postea
617 1591 831 1682 rescriptam,
858 1616 959 1685 quem
971 1591 1219 1659 Antoninorum
1229 1614 1272 1657 ao·

195 1710 252 1774 tati
289 1705 461 1772 liberalius
502 1706 664 1771 tribuerat
695 1704 842 1798 Angelus
875 1706 983 1773 Maius
1015 1704 1124 1779 Plaut.
1151 1710 1271 1799 frige

88 1905 91 1909 .
193 1850 228 1916 p.
257 1823 313 1902 10,
336 1819 518 1887 modestius
545 1819 749 1887 Niebuhrius
774 1819 902 1889 rettulit
920 1820 1048 1913 Opusc.
1066 1822 1144 1888 hist.
1163 1820 1270 1913 ctphi·

195 1938 251 2005 lcl.
279 1964 312 2030 p.
340 1929 427 2006 174:
452 1961 492 2001 ex
505 1937 585 2003 Maii
610 1935 750 2029 quidem
775 1936 967 2003 narratione
991 1930 1061 2005 nott
1085 1955 1224 2031 apparet
1235 1933 1268 2019 Ἴ.

32 2078 40 2094 .
139 2133 146 2139 ι
195 2053 268 2123 Sed
295 2054 419 2121 lactum
442 2052 485 2117 sit
510 2069 647 2144 oportet
669 2069 745 2119 unte
773 2078 812 2119 ea
838 2070 998 2145 tempora,
1025 2055 1151 2146 quibu,
1176 2050 1268 2119 dirimi

196 2170 335 2237 induas
360 2187 471 2261 partes
497 2166 606 2233 Plauti
631 2166 762 2234 fabulae
788 2187 928 2260 coeptae
952 2186 1052 2249 sunt.
1069 2194 1212 2267 appa-um
1231 2163 1267 2231 al-

197 2304 267 2353 tera
293 2303 368 2353 octo
394 2281 521 2351 fabulas
546 2307 636 2348 nunc
662 2284 795 2374 priores
817 2270 1195 2385 ab'Amphittudffiaad
1206 2283 1268 2375 Epi·

197 2401 311 2469 dicum
344 2398 574 2492 complectens
606 2396 698 2466 nulla
736 2416 843 2466 aetate
882 2423 952 2466 nou
977 2398 1054 2493 legi.
1069 2398 1266 2491 describique

197 2517 295 2586 solita
322 2534 381 2594 est,
406 2512 552 2581 alterae
577 2513 800 2581 Bacchidibus
825 2517 999 2606 pertinens
1031 2515 1075 2583 ad
1100 2514 1266 2607 Truculffl·

199 2653 269 2702 tum
294 2657 358 2725 per
384 2631 585 2723 quingentos
611 2648 648 2696 ut
672 2630 875 2722 perhibetur
899 2656 1004 2700 annos
1030 2632 1175 2713 delituit,
1197 2628 1266 2699 cclc-

200 2773 268 2842 que
297 2747 575 2815 Germanicorum
604 2746 772 2812 beneficio
808 2747 1050 2814 coenobiorum
1084 2751 1127 2814 ab
1150 2744 1265 2814 interim

199 2862 384 2943 vindicata,
410 2859 548 2928 saeculo
574 2859 708 2927 demum
735 2862 799 2928 XV
825 2860 914 2928 ltalis
939 2864 1152 2945 hominibus,
1173 2882 1207 2929 ut
1225 2882 1264 2925 ac·

203 2983 347 3048 curatius
382 2980 493 3046 Musei
525 2976 643 3070 philol.
680 2976 788 3049 Rhen.
822 2978 880 3058 lV,
903 3004 936 3074 p.
964 2976 1034 3048 154
1060 3004 1113 3076 sq.
1140 2972 1264 3074 exposui,

204 3094 318 3164 denuc
344 3096 498 3164 innotuit.

708 3307 737 3394 §-
761 3313 793 3378 a.

160 3438 191 3515 s

304 3502 417 3570 Facile
441 3503 654 3595 intelligitur,
693 3482 721 3570 si
755 3504 889 3570 alterius
914 3505 1140 3574 plautinarum
1165 3501 1266 3573 fabule·

206 3646 280 3688 rum
306 3620 481 3687 voluminis
505 3621 597 3687 initio
622 3619 782 3689 collocata
809 3620 992 3690 Bacchides
1015 3642 1097 3704 erat,
1125 3617 1267 3719 quomodo

208 3740 278 3804 eius
303 3736 497 3805 comoediae
524 3738 634 3831 ipsum
651 3756 752 3832 caput
773 3740 887 3831 perire
905 3743 1055 3833 potuerit
1078 3739 1143 3827 **).
1159 3745 1268 3826 nQuem·

207 3924 504 3941 Μ·-

260 4025 289 4091 l]
313 4025 375 4077 Tum
402 4026 504 4092 quidem
532 4026 643 4077 nondum
669 4027 763 4080 lactum
792 4044 851 4080 ease
872 4031 947 4082 uobis
964 4034 1084 4099 apparuit
1103 4031 1270 4085 Ambrosianum

315 4113 431 4164 codicem
451 4114 634 4166 tractantibus:
652 4115 685 4166 dc
702 4132 754 4185 quo
772 4119 918 4170 monuimus
937 4108 1271 4190 ntar.auttq.stut.u183b

317 4215 342 4265 p.
357 4198 416 4252 744.

247 4301 288 4369 “)
313 4303 382 4352 llaec
403 4319 492 4354 caussa
512 4305 604 4371 perditi
625 4303 727 4355 fabulae
749 4305 868 4372 principii
895 4308 942 4358 etsi
965 4307 1047 4358 videri
1068 4315 1168 4375 poterat
1184 4314 1218 4360 sat
1231 4315 1272 4353 111¹·

317 4403 367 4454 gna
385 4390 572 4456 probabilitatis
594 4394 682 4459 specie
701 4393 892 4458 commendari,
921 4403 1005 4446 tamen
1033 4411 1103 4448 nuno
1127 4412 1178 4449 nou
1197 4391 1271 4446 dubito
