2872 4942
214 354 261 422 00
422 426 425 433 ,
464 378 484 419 t.
512 380 554 419 ns
579 376 695 423 rusa-rs
725 376 852 420 coesse
879 376 1070 423 nosstntuvs.

213 549 431 617 Molossicum
458 553 547 616 euim
573 551 771 617 vocabulum
804 569 882 644 post
907 576 1075 619 caesuram
1106 550 1306 620 collocatum

213 690 337 735 vereor
361 691 404 732 ue
430 666 528 758 plura
553 667 678 732 babeat
704 684 736 732 et
763 669 913 733 certiora·
942 665 1111 759 exempla,
1141 694 1242 760 quam
1273 670 1306 734 in

214 781 307 874 quod
335 798 480 847 statuere
506 781 752 847 Hermauniana
787 782 964 848 severitate
998 779 1117 865 liceat3
1148 806 1306 873 praeser-

214 899 273 962 tim
309 899 336 962 si
368 898 509 988 proprio
542 895 628 962 illud
664 897 801 962 nomine
828 897 1047 963 contineatur.
1093 897 1141 964 Vt
1164 898 1201 963 iu
1226 874 1308 988 ips'ii

215 1012 368 1106 prologis
402 1013 600 1090 subsistam,
639 1010 700 1078 hos
742 1036 864 1105 quaeso
889 1036 1003 1079 versus
1031 1010 1307 1105 contemplaree

215 1124 452 1221 prol...Amph.
476 1128 535 1200 49..
563 1129 641 1195 100.
669 1127 826 1199 Cas.·59.
863 1131 967 1195 Poeu.
993 1130 1026 1198 .'l.
1056 1130 1115 1199 28·
1152 1128 1309 1201 Rus-14
1357 1172 1359 1183 =

217 1247 359 1336 petitos:
466 1245 469 1251 ’

317 1358 403 1430 Vidi
425 1361 635 1452 Neptunum,
662 1362 846 1437 Virtutem,
874 1362 1074 1430 Victoriam.

316 1476 356 1540 Is
383 1498 474 1540 nunc
499 1471 702 1566 Amphitruo
726 1478 944 1567 praefectust
969 1474 1171 1566 legionibus.

318 1585 515 1681 Propterea
540 1616 581 1655 ea
607 1615 678 1656 uua
705 1595 878 1656 consentit
904 1616 978 1656 cum
1001 1591 1086 1670 filio.

323 1707 393 1795 Qui
418 1688 550 1779 edistis,
576 1707 680 1771 multo
698 1709 842 1794 fecistis
866 1710 1064 1798 sapientius.

320 1823 493 1901 Nutrices,
513 1846 641 1914 pucros
666 1826 818 1909 infantis
844 1823 1037 1888 minutulos.

277 1974 281 1979 ·
322 1935 464 2012 Petunt,
491 1943 613 2029 qut‘qrte
639 1942 675 2002 in
703 1943 776 2003 iure
802 1938 966 2003 abiurant
988 1942 1179 2029 pecuniam.

224 2053 351 2135 Quibus
378 2053 506 2118 addere
532 2053 612 2118 licet
637 2050 726 2144 prol.
749 2056 840 2119 Meu.
863 2055 926 2122 30:
965 2052 967 2057 ’

320 2166 492 2238 Mortales
516 2169 625 2244 multi,
651 2185 688 2233 ut
713 2168 761 2232 ad
785 2168 894 2250 ltrdos,
920 2186 1165 2240 convenerant.

223 2288 421 2377 Quanquam
448 2283 510 2349 alia
535 2283 689 2375 exempla
716 2302 809 2364 sunt,
844 2310 930 2376 quae
962 2286 1030 2350 huc
1063 2282 1146 2352 saiso
1178 2286 1322 2353 rettule-

222 2420 310 2481 runt,
338 2420 374 2467 ut
398 2400 487 2494 prol.
511 2402 633 2492 Amph.
666 2403 744 2471 103.
772 2401 868 2492 Capt.
896 2399 953 2481 04,
980 2401 1037 2494 qui
1057 2426 1172 2467 versus
1191 2403 1241 2469 sic
1258 2427 1323 2497 po-

194 2516 287 2585 ..tius
315 2513 531 2606 corrigendi:

330 2628 522 2696 Gravidam
547 2627 772 2711 Alcumenam
788 2634 884 2719 fecit
907 2655 1049 2696 uxorem
1072 2655 1179 2696 suam.

252 2758 259 2769 “
326 2746 513 2838 Postquam
539 2745 748 2839 belligerant
770 2763 884 2812 autem
908 2743 1122 2813 Aetolicum
1147 2744 1248 2814 Aliis.

732 2927 819 3023 §.a
905 2949 909 2956 ’

325 3086 403 3150 Nou
428 3082 645 3148 mediocriter
673 3085 867 3150 confirmato
891 3086 1000 3150 animo
1028 3085 1095 3150 huc
1122 3106 1325 3176 progressus

229 3227 319 3268 eram
336 3198 541 3281 meditando,
570 3225 644 3264 cunr
664 3199 785 3266 fiducia
808 3201 898 3265 omni
925 3199 1027 3266 deiici
1053 3202 1140 3267 visus
1154 3224 1225 3265 sum
1240 3198 1326 3266 alius

225 3317 357 3383 fabulae
384 3316 537 3409 prologo,
564 3316 623 3409 qui
649 3318 759 3408 ipsum
774 3314 921 3384 Marcus
945 3340 1156 3408 praenomen
1183 3317 1328 3407 apertis·

229 3433 311 3499 sime
334 3449 520 3499 testaretur.
572 3433 806 3497 Asinariae
838 3433 926 3515 enim
962 3432 1047 3499 haec
1085 3431 1237 3525 quisquis
1266 3431 1328 3498 fuit

229 3548 397 3642 praefatus
426 3566 476 3616 est
501 3575 531 3616 v.
556 3548 579 3618 9
606 3574 703 3643 sqq.:

325 3667 429 3733 Nurac
454 3664 547 3756 quod
573 3689 625 3729 me
650 3664 726 3730 disci
753 3666 835 3731 uelle
864 3663 955 3730 vobis
981 3663 1107 3745 dicere,

325 3783 460 3848 Dicam.
504 3781 601 3845 lmice
628 3805 753 3846 nomen
767 3805 894 3872 graece
912 3781 1074 3871 Onagost
1091 3774 1257 3866 fabulae.

326 3898 548 3991 Demophilus
569 3902 727 3990 scripsit:
761 3896 904 3966 Marcus
931 3901 1035 3962 vortit
1059 3876 1225 3961 barbare:

325 4011 526 4080 Asinariam
555 4012 624 4078 volt
647 4036 731 4093 esse,
757 4015 788 4076 si
806 4035 871 4102 per
897 4035 953 4076 vos
979 4011 1069 4095 licet.

228 4126 423 4195 Accedebat
452 4153 519 4196 nou
554 4129 657 4220 magis
691 4126 761 4192 fere
796 4128 984 4220 ambiguum
1014 4123 1151 4191 Gellii
1180 4123 1328 4186 testimo·

227 4243 320 4306 nium
346 4243 370 4332 Ι,
394 4239 453 4322 04,
491 4269 558 4337 quo
586 4242 645 4308 ille
676 4243 784 4334 capite
812 4247 916 4307 trium
939 4258 1121 4333 poetarum
1146 4238 1327 4307 illustrium

228 4362 496 4450 epigrammata,
532 4359 594 4430 Cn.
630 4359 775 4435 Naevii,
807 4361 857 4426 M.
884 4342 1061 4433 Plauti,
1095 4353 1146 4426 M.
1174 4350 1330 4431 Pacuvii,
