2872 4942
194 342 264 407 500
415 363 482 404 vnt.
511 363 550 402 oe
575 360 721 403 renarro
751 324 933 407 scastartr'
950 360 1074 405 oaunnr

193 535 274 599 sicia
302 533 497 601 continuari.
548 532 650 623 Atqui
675 531 802 597 Tranio
828 531 871 617 ab
894 531 988 597 initio
1016 529 1209 597 clamantem
1224 531 1257 594 ir-

193 648 285 715 ridet
310 667 433 714 tanturn
463 674 490 712 v.
516 644 583 714 60:
620 644 767 712 danistae
799 665 908 713 autem
941 669 1144 739 responsum
1174 670 1260 709 metm

189 782 271 857 peto
298 785 332 831 et
356 760 491 829 breuius
517 779 567 827 cst
591 786 656 827 nec
680 765 758 827 satis
780 760 884 842 sorte,
924 788 1024 855 quarn
1061 746 1132 855 quo
1158 763 1201 827 ita
1219 759 1260 827 ille

193 879 432 957 exacerbetur,
471 895 506 943 ut
531 879 596 942 iam
621 875 666 941 de
694 874 862 968 placando
895 876 1108 944 faeneratore
1142 898 1260 968 prorsus

193 998 255 1061 sibi
296 991 546 1087 desperandum
586 990 760 1083 intelligat.
829 994 918 1086 Ergo
961 991 1070 1058 altero
1117 982 1260 1059 versiculi

191 1108 339 1203 quodam
365 1107 479 1174 addito
506 1106 596 1172 velut
629 1110 664 1173 in
694 1108 784 1175 bunc
809 1105 948 1174 modum
968 1108 1165 1199 perrexisse
1186 1104 1261 1171 dani·

191 1246 273 1294 stam
302 1227 464 1292 arbitror:
512 1308 515 1313 ι

988 1362 1100 1404 naenm
1118 1354 1211 1430 peto,

290 1458 507 1548 Pergamqua
532 1454 681 1519 clamare
707 1477 811 1547 nsque
835 1452 916 1519 dum
940 1454 1021 1519 lzinc
1046 1476 1219 1547 accepero.

192 1571 327 1637 Deinde
353 1586 474 1637 autem·
494 1568 569 1634 fieri
601 1570 721 1662 nequit
757 1588 813 1650 ut,
836 1586 1013 1663 postquam
1041 1570 1170 1638 Tranio
1193 1565 1260 1633 niltil

190 1688 272 1753 ltine
283 1691 391 1774 ferre
413 1688 548 1807 poter?
570 1683 662 1764 dixit,
689 1712 862 1779 paucaque
887 1686 973 1753 haee
998 1683 1141 1753 adiecit:
1166 1710 1211 1751 on
1230 1706 1258 1748 eo

189 1802 433 1896 progrediere,
461 1817 498 1865 ut
505 1770 616 1867 illum
641 1801 781 1868 exulare
808 1826 934 1893 cogas,
960 1804 1122 1871 continuo
1146 1827 1185 1869 ae
1206 1801 1258 1869 sint

192 1917 260 1985 ulla
294 1943 406 1984 caussa
441 1918 475 1981 in
509 1919 707 1983 contrariam
740 1937 870 2011 partem
905 1919 991 1986 flexo
1022 1919 1154 1998 animo,
1185 1911 1257 2011 quod

191 2032 293 2101 inodo
320 2035 462 2125 negavit,
490 2033 576 2099 ultro
601 2033 725 2112 ollerat,
749 2052 876 2101 sortem
900 2059 964 2127 pro
989 2034 1126 2102 faenore
1151 2030 1257 2127 sperari

189 2151 308 2217 iubens
336 2177 364 2220 v.
392 2152 454 2218 70:
490 2153 572 2243 quin
604 2166 733 2215 sortem
760 2149 985 2243 pollicebitur.
1045 2151 1172 2218 Contra
1193 2143 1255 2215 nibil

191 2283 273 2358 puto
309 2263 546 2357 desiderabis,
585 2266 612 2329 si
649 2266 826 2333 Tranionis
860 2267 1135 2360 interrogationi:
1166 2263 1257 2333 urtam

192 2382 275 2448 exul
298 2381 431 2472 linquat
443 2382 612 2465 faenoris
638 2406 760 2446 cuttsso
784 2382 860 2447 tui?
900 2380 964 2447 tale
999 2380 1163 2474 quiddam
1184 2378 1256 2446 dani·

192 2516 239 2563 sta
263 2499 435 2576 atrociter,
470 2515 506 2562 ut
529 2498 564 2561 in
592 2497 662 2562 eius
688 2495 840 2564 indolem
866 2497 1040 2579 convenit,
1074 2494 1254 2590 reposuerit:

289 2612 368 2687 Pol,
395 2611 494 2677 modo
522 2615 570 2676 mi
591 2629 776 2703 argentum
798 2610 945 2687 reddat,
971 2610 1074 2678 obeat
1099 2635 1165 2706 quo
1191 2608 1254 2676 velit.

191 2729 289 2797 Nunc
317 2746 448 2805 antem,
489 2727 545 2791 nbi
572 2726 691 2792 frustra
719 2727 762 2793 de
790 2726 994 2795 Philolachis
1020 2728 1114 2795 abitu
1135 2726 1253 2793 mentio·

192 2868 270 2907 nem
296 2867 331 2906 se
359 2843 513 2909 iniecisse
542 2844 667 2908 Tranio
691 2842 878 2926 intellexit,
918 2843 960 2908 ad
985 2842 1161 2910 lenitatem
1184 2856 1253 2909 reete

192 2957 297 3036 redit,
333 2958 459 3051 aliquid
493 2977 582 3026 certe
617 2959 775 3052 flagitanti
808 2938 1005 3052 pluestitum
1037 2960 1079 3023 iri
1111 2957 1253 3029 simulans.

193 3073 289 3138 sortis
315 3072 525 3143 solutionem.
578 3072 617 3139 Id
642 3099 716 3138 cuna
740 3073 797 3140 ille
824 3091 1013 3143 recusasset
1031 3093 1064 3141 et
1079 3075 1193 3141 faenus
1209 3094 1253 3165 pe·
1299 3158 1301 3163 Α

193 3189 302 3254 tisset:
329 3188 527 3281 simulatque
554 3189 641 3259 v.6‘t
659 3189 794 3257 reddite
821 3208 1060 3283 orgen-tum
1086 3190 1179 3270 dixit,
1205 3189 1254 3256 eius
1299 3180 1301 3205 '

193 3305 283 3370 vocis
308 3304 519 3398 ambiguitate
556 3322 652 3369 utens
682 3307 817 3373 Tranio
840 3307 918 3375 ilico
945 3322 1074 3372 sortem
1099 3309 1145 3372 ait
1166 3305 1258 3394 accipe

194 3419 226 3484 b.
246 3446 272 3485 e.
301 3417 474 3511 argentum
500 3420 638 3514 quidem
668 3422 750 3488 nibil
778 3441 828 3489 est
855 3448 914 3490 cur
939 3424 1178 3516 nonaceipias,
1201 3444 1259 3489 nam

163 3591 165 3597 .
194 3524 292 3602 sortis
318 3534 508 3602 redditione
533 3539 597 3602 iam
629 3558 723 3605 antea
757 3540 937 3633 significavi
963 3562 1064 3631 posse
1097 3541 1159 3606 tibi
1185 3540 1261 3606 satis·

193 3650 276 3715 fieri.
328 3650 375 3714 Ita
403 3651 540 3742 quidem
564 3655 682 3718 iterata
702 3651 815 3746 aliquo
839 3653 1014 3722 intervallo
1029 3657 1128 3720 sortis
1155 3652 1261 3721 mentio

127 3828 130 3837 ,
193 3790 262 3833 non
288 3764 389 3831 modo
416 3765 499 3831 nihil
526 3767 713 3847 molestiae,
737 3767 797 3834 sed
822 3768 962 3837 multum
989 3770 1115 3863 gratiae
1141 3789 1174 3837 et
1198 3793 1261 3835 con-

194 3883 359 3947 cinnitatis
386 3883 497 3948 habet.

289 3999 400 4089 Atque
433 3997 477 4064 de
504 3999 555 4063 his
583 3997 722 4091 quidem
746 3999 874 4066 duabus
898 4001 1175 4087 dubitationibus,
1197 4024 1263 4097 quas

162 4176 164 4182 ,
192 4112 334 4179 duorum
363 4141 516 4180 versuum
541 4114 729 4182 adiectione
747 4120 929 4185 removisse
947 4119 1110 4203 videmur,
1130 4143 1265 4216 quoeun-

152 4289 154 4299 ,
192 4253 257 4318 que
287 4227 386 4294 modo
413 4229 595 4309 iudicabis,
624 4224 748 4297 tantuni
776 4258 969 4324 persuasum
998 4235 1128 4304 habere
1154 4235 1267 4331 poteris

192 4342 316 4428 (sciens
344 4347 433 4412 enim
460 4341 622 4432 affirmo),
662 4348 730 4415 sola
762 4352 1019 4442 transpositione
1057 4378 1178 4423 eornm
1206 4375 1269 4422 rer·
