2872 4942
240 334 312 400 530
562 353 601 393 tx.
652 353 694 392 na
724 350 1009 393 auuaunocauaona

247 524 470 592 concinnitate
495 537 731 613 exaequatam,
765 544 849 612 qnae
885 517 1021 611 quidem
1048 543 1066 582 a
1091 542 1122 584 v.
1150 519 1195 587 tt
1225 517 1293 603 (Scio

238 640 393 735 equidem
418 634 543 722 te...)
571 635 711 715 orditur,
737 633 819 700 inde
847 660 863 698 a
889 661 916 699 v.
929 636 976 704 78
1002 651 1115 700 antem
1140 634 1203 701 hoe
1226 634 1291 700 exitu

237 758 272 822 in
297 754 547 823 Hermanniano
574 749 731 844 exemplo
759 752 974 816 terminatur:

336 866 393 939 'Id
414 893 466 935 me
492 861 745 934 commissurum
770 883 808 932 ut
830 869 949 957 patiar
971 861 1077 947 fieri,
1103 889 1148 931 ne
1172 869 1296 931 animum

831 975 1019 1055 indixeris.

343 1093 428 1189 Quis
453 1123 506 1164 me
528 1096 713 1190 improbior
733 1093 956 1189 perhibeatur
981 1093 1078 1163 esse?
1109 1098 1194 1165 baec
1205 1101 1296 1186 sumi·

312 1288 329 1317 a
832 1211 970 1304 genitio
1049 1236 1052 1241 ·

265 1331 313 1400 80
338 1325 386 1400 Te
411 1328 590 1404 honestet,
616 1353 667 1394 me
693 1325 807 1394 autsim
833 1329 1029 1404 collatum,
1054 1323 1086 1394 si
1111 1352 1177 1420 ego
1201 1327 1298 1394 abste

825 1469 949 1535 agrum
974 1438 1197 1536 acceperim

337 1550 418 1626 Tibi
440 1561 485 1623 sit
511 1553 770 1624 emolumentum
789 1559 951 1635 honoris,
981 1553 1085 1639 miti,
1112 1558 1205 1653 quod
1226 1557 1297 1626 obie-

835 1658 947 1755 ctint,
970 1679 1045 1741 siet.
1185 1762 1188 1768 Ι

299 1824 303 1833 ·
338 1790 463 1856 Reiecit
484 1791 694 1857 Hermannns
719 1789 934 1882 praefationis
959 1817 992 1884 p.
1012 1792 1077 1856 XII
1103 1816 1222 1859 eorum
1244 1788 1300 1882 opi·

240 1907 396 1987 nionem,
423 1906 479 1996 qui
508 1930 623 1972 errore
650 1923 775 1973 tantum
800 1904 1013 1974 librariorum
1039 1908 1101 1975 hos
1127 1932 1238 1974 versus
1258 1929 1300 1971 re·

239 2023 363 2114 petitos
388 2039 559 2112 putarent3
586 2020 669 2087 nihil
697 2023 785 2088 enim
812 2020 956 2089 librariis
983 2021 1215 2115 imputandum
1234 2045 1299 2098 esse,

240 2138 305 2202 nisi
322 2136 414 2229 quod
440 2136 594 2228 perfacili
620 2134 714 2229 lapsu
742 2163 839 2205 versu
868 2138 1072 2230 paenultimo
1098 2143 1131 2204 si
1148 2143 1221 2205 sine
1238 2136 1301 2202 dote

163 2218 185 2259 ἢ
240 2251 380 2318 duxeris
406 2277 424 2319 a
456 2253 571 2344 priore
605 2251 681 2319 loco
715 2252 899 2319 iterassent:
931 2278 1074 2346 quorum
1108 2279 1183 2320 enm
1211 2249 1299 2319 nullos

240 2393 353 2434 sensus
382 2386 489 2446 esset,
520 2384 626 2433 semet
659 2392 676 2432 e
703 2394 731 2432 v.
761 2367 808 2437 69
843 2369 947 2459 petita
983 2370 1088 2435 verba
1117 2373 1150 2436 si
1170 2392 1233 2460 ego
1253 2364 1298 2431 abs

240 2503 274 2552 te
308 2509 432 2576 agrum
464 2486 653 2575 acceperim
684 2485 900 2550 substituisse.
959 2485 1063 2552 Recte
1095 2502 1206 2552 antem
1237 2485 1296 2549 istos

133 2652 137 2663 .
240 2600 358 2668 versus*
370 2572 574 2692 iiatfantiquis
596 2598 691 2665 libris
714 2601 825 2691 repeti
851 2601 927 2666 satis
951 2625 989 2665 ex
1015 2603 1169 2693 proxima
1191 2597 1295 2668 Stasini

241 2674 599 2809 orationiaopareue,
625 2716 724 2781 tcuins
749 2715 877 2810 singula
903 2717 1004 2782 verba
1030 2715 1173 2783 totidem
1199 2740 1253 2810 pro
1269 2737 1294 2778 et

240 2833 443 2923 repetitione
467 2848 660 2923 argumenta
685 2856 766 2898 esse.
816 2832 860 2897 Et
886 2830 1019 2898 Stasimi
1046 2833 1189 2925 quidem
1210 2850 1295 2900 versus

240 2948 276 3013 hi
302 2963 395 3013 sunt:

363 3055 446 3128 No'n
471 3064 562 3126 enim
583 3084 721 3153 possum
754 3054 838 3153 quin
873 3062 1076 3128 exclamem:
1117 3087 1204 3155 euge
1225 3052 1290 3148 otigo

833 3173 1015 3267 Lysiteles,
1040 3175 1166 3248 πάλιν.

280 3294 297 3329 ’
363 3288 482 3358 Fa'cile
505 3292 655 3383 palmam
679 3288 804 3359 habes:
828 3293 883 3358 hic
907 3298 1046 3374 victust,
1075 3291 1157 3362 vicit
1182 3313 1236 3362 tua
1254 3310 1291 3355 tv·

832 3405 974 3475 inuidia.
1074 3426 1086 3453 ⁸

364 3518 434 3590 Hic
460 3527 535 3613 agit
560 3528 670 3613 magis
695 3549 740 3590 ex
770 3523 976 3615 drgumento
1002 3542 1036 3591 et
1064 3521 1179 3592 versus
1208 3520 1293 3590 melio·

835 3637 889 3707 re's·
905 3645 1013 3729 facit.

265 3755 312 3825 85
362 3746 488 3821 'Etiam
507 3753 549 3820 ob
575 3755 757 3823 stultitia'm
782 3774 874 3822 tuam
902 3752 934 3823 te'
950 3753 1075 3824 tueris?
1101 3758 1235 3824 multam
1256 3744 1295 3815 ai

831 3869 955 3940 diuino

242 3987 525 4077 Argumentorum
551 4005 672 4067 autem,
699 4014 783 4081 quae
802 3989 882 4055 hinc
901 3992 1113 4056 Hermanuus
1134 3990 1206 4083 peti
1225 4000 1300 4080 posst

244 4100 388 4181 dixerat,
415 4127 517 4167 unum
541 4122 666 4169 tantum
696 4092 884 4197 diligentius
910 4123 1107 4198 persecutus
1135 4123 1193 4172 est.
1240 4103 1302 4191 Num¹

189 4277 192 4282 ,
242 4216 333 4306 quoti
358 4218 532 4313 Stasimus,
563 4222 621 4300 ait,
651 4220 735 4286 dicit
763 4244 917 4287 versus
943 4222 1155 4288 oaeliores
1184 4219 1305 4304 facit,

243 4342 385 4421 prorsus
410 4334 584 4422 inficetum
603 4339 718 4424 foret,
746 4341 816 4404 nisi
841 4342 878 4402 in
905 4361 944 4401 eo
971 4344 1042 4427 ipso
1066 4339 1162 4429 lepor
1184 4353 1218 4402 et
1232 4339 1307 4400 iocus
