2872 4942
88 329 92 337 ’
162 342 209 410 59,
501 364 536 405 n.
562 364 604 404 ne
632 361 759 406 tertre
787 362 917 406 actvm.

160 538 351 604 necessario
378 535 521 601 alienam
551 559 623 601 csse
647 554 816 627 appareat
860 532 901 599 ld
928 535 1019 600 enim
1043 554 1148 625 agens
1173 531 1245 599 scri-

160 669 250 743 ptor,
276 668 314 714 nt
338 651 443 715 serius
468 632 634 740 poeticam
658 651 829 742 accepisse
843 650 1010 719 Romanos
1036 647 1173 727 doceat,
1198 671 1248 711 an·

161 767 383 858 tiquissimum
430 764 527 830 affert
567 762 706 855 publice
740 762 823 830 editi
856 765 1010 831 carminis
1049 760 1247 855 exemplum,

162 880 255 974 quod
281 904 353 946 esse
376 881 549 945 Livianum
570 878 656 944 iliud
683 878 782 962 dicit3
818 903 883 943 una
920 897 1031 945 autem
1061 876 1248 945 oum-hino

162 996 320 1088 quoniam
346 1012 381 1060 ut
406 997 602 1061 vetustiores
628 993 770 1086 reliquis
795 995 949 1059 omnihus
975 993 1159 1086 unicuique
1183 1014 1250 1059 suc·

163 1112 344 1178 currebant
367 1110 519 1190 Naevius,
556 1109 707 1189 Plautus,
733 1109 871 1188 Ennius,
901 1107 984 1174 nihil
1010 1109 1191 1175 instituere
1213 1103 1249 1173 ad

163 1252 253 1291 suam
281 1226 603 1318 argumentationem
630 1223 910 1291 accommodatius
936 1225 1063 1316 potuit,
1094 1238 1250 1315 quarunt

161 1369 203 1409 ne
229 1343 290 1407 hos
318 1339 472 1433 quidem,
511 1341 573 1406 etsi
599 1326 736 1432 prae'ier
759 1341 886 1405 Livium
913 1338 1183 1431 antiquissimos,
1213 1333 1248 1403 ad

160 1459 257 1522 huius
289 1458 393 1549 ipsius
430 1472 572 1522 aetatem
604 1478 743 1547 prorsus
772 1453 937 1521 accedere
965 1453 1116 1520 breviter
1141 1468 1251 1519 mone·-

160 1589 220 1637 rct.
246 1569 353 1637 Modo
380 1569 493 1662 aliquo
520 1569 658 1636 artificio
682 1567 768 1634 illud
793 1570 902 1662 ipsum
930 1568 1104 1647 efficiatur,
1130 1584 1170 1635 ut
1188 1589 1251 1657 nou

161 1687 242 1753 salsa
269 1685 313 1752 de
336 1687 457 1752 horum
483 1685 692 1777 temporibus
718 1681 900 1751 tradantur.
926 1682 1039 1778 quue
1066 1684 1118 1751 sic
1140 1704 1252 1751 cm

163 1804 221 1893 qui
255 1824 326 1866 sese
359 1824 460 1893 posse
494 1825 568 1865 cum
610 1801 652 1870 G.
678 1801 704 1864 I.
732 1800 853 1868 Vossio
889 1799 932 1865 de
962 1801 1078 1866 histor.
1103 1794 1252 1877 lathi

162 1917 381 2007 Funccioque
408 1914 452 1995 dc
479 1912 627 1980 adolesc.
654 1913 709 1980 lat.
737 1913 759 1980 l.
785 1916 828 1994 lt,
855 1919 876 1984 7
901 1911 1251 1995 Ocellinamouarun

164 2031 461 2123 Spangenbergius
474 2030 557 2095 Eun.
577 2031 664 2094 Anu.
679 2028 796 2122 fragm.
821 2056 858 2123 p.
866 2031 958 2112 VIII,
988 2030 1146 2096 Osannus
1163 2024 1252 2097 Anat.

164 2147 236 2212 crit
262 2172 296 2238 p.
323 2142 370 2214 43
395 2147 521 2237 opinati
543 2164 628 2224 sunt,
661 2163 698 2210 ut
720 2149 794 2237 qui
819 2164 1009 2239 pronomen
1029 2168 1100 2213 nou
1120 2144 1167 2211 ad
1192 2146 1254 2210 Eu-

161 2262 275 2339 nium,
313 2258 376 2327 sed
404 2258 447 2324 ud
472 2260 582 2351 ipsum
609 2260 738 2326 Livium
766 2260 945 2326 referrent.
975 2258 1099 2343 *Quod
1121 2259 1152 2326 si
1178 2282 1252 2327 cou-

124 2346 134 2367 ο
165 2373 326 2456 cedatur,
365 2394 475 2441 tamen
502 2382 636 2466 praeter
659 2377 893 2441 necessitatcm
919 2373 1068 2440 Orellios
1095 2372 1143 2442 de
1167 2396 1254 2441 more

165 2490 340 2556 Ciceronis
368 2491 571 2583 cogitaverit,
599 2513 665 2582 quo
694 2489 865 2555 doctrinae
893 2489 1110 2558 ostentandae
1146 2481 1272 2557 uuest*

164 2630 239 2670 cum
264 2605 345 2670 alibi
368 2607 462 2698 quasi
487 2605 699 2695 praeteriens
734 2607 894 2698 castigarc
925 2605 1007 2672 alios
1032 2604 1166 2688 soleat,-
1180 2624 1253 2725 ‘2¹¹¹

166 2718 197 2785 h.
223 2718 245 2782 l.
272 2719 422 2785 Attianos
450 2718 596 2785 calculos
623 2717 838 2804 definiendae
858 2721 941 2788 Livii
967 2722 1067 2788 aetati
1091 2719 1254 2789 adhibitos

164 2855 233 2897 non
271 2835 342 2898 sine
378 2835 566 2898 urbanitate
598 2807 813 2927 perstringat
865 2836 908 2902 At
933 2860 1012 2902 vero
1039 2830 1254 2904 certissiinuut

166 2965 216 3012 est
239 2948 335 3012 istam
363 2945 500 3038 quidem
526 2951 585 3038 qui
608 2951 817 3039 pronominis
850 2951 1139 3018 constructionem
1160 2973 1254 3044 pror·
1279 3022 1281 3026 ,

77 3058 81 3064 ’
166 3087 220 3127 sus
246 3086 435 3153 repugnare
462 3063 548 3127 sanis
575 3060 712 3129 dicendi
735 3063 865 3158 legibus
897 3092 962 3133 nec
993 3063 1093 3131 ullius
1119 3061 1253 3134 defendi

167 3177 313 3267 exempli
340 3202 419 3243 vera
442 3176 669 3243 similitudine.
696 3181 790 3262 Quae
816 3182 906 3247 enim
932 3181 1029 3247 allata
1053 3197 1134 3247 sunt
1150 3203 1253 3247 exem-

166 3290 224 3384 pla
251 3290 486 3384 (suppeditant
520 3318 557 3357 ea
580 3295 709 3360 Morari
737 3293 887 3387 copiae),
931 3295 1159 3363 diversissima
1186 3309 1253 3361 tunt
1289 3356 1291 3391 ÷

166 3424 363 3497 propterea,
391 3406 483 3500 quod
508 3433 545 3472 ea
571 3408 783 3500 intelligendi
807 3412 1019 3502 ambiguitate
1039 3434 1182 3503 prorsus
1204 3434 1255 3483 ra<

168 3542 266 3604 cant,
302 3548 389 3615 quae
422 3547 462 3588 ex
484 3524 625 3589 Enniani
661 3527 806 3590 nominis
838 3527 1007 3593 vicinitate
1031 3525 1065 3590 h.
1090 3524 1253 3594 l.·oritur:

165 3659 268 3732 'atquc
300 3638 336 3704 id
363 3640 474 3730 ipsum
498 3640 584 3706 illud
612 3659 679 3720 est,
714 3638 808 3733 quod
839 3640 1015 3708 offensioni
1050 3640 1122 3712 suit.
1173 3641 1252 3732 Ergo

170 3757 350 3821 extiterunt
383 3757 441 3846 qui
478 3757 647 3848 corrigere
691 3754 845 3824 codicum
880 3758 1082 3850 scripturam
1117 3757 1253 3851 anianum

167 3870 379 3937 inducerent.
438 3873 481 3938 Et
517 3870 768 3962 transponendo
788 3871 940 3964 *quidem
972 3874 1148 3940 Ciceronis
1186 3869 1252 3938 dili·

169 3988 299 4079 gentiae
327 3985 503 4053 consulere
528 3988 665 4052 Rathius
691 3984 807 4053 voluit:
847 4013 911 4054 nec
937 3990 1051 4081 negari
1080 4008 1204 4081 potest,
1228 3987 1257 4086 *si

171 4076 278 4169 statim
304 4120 382 4193 post
406 4103 522 4168 Livius
547 4126 670 4168 nomen
697 4122 889 4194 sequantur,
913 4098 1001 4196 quac
1025 4128 1117 4170 nunc
1142 4106 1178 4170 in
1199 4103 1257 4170 fine

171 4216 405 4283 enuntiationis
432 4216 594 4283 collocata
614 4236 699 4296 sunt,
725 4210 784 4308 qui
797 4223 877 4306 fuit
892 4266 900 4283 .
913 4273 920 4289 .
933 4273 940 4286 .
953 4275 960 4291 .
1044 4236 1079 4285 et
1102 4222 1259 4295 Naevius,

168 4329 260 4400 nihil,
294 4329 337 4411 ad
369 4346 560 4424 temporum
592 4335 766 4400 veritatem
798 4333 999 4401 desiderari.
1051 4333 1125 4403 Sed
1147 4354 1262 4407 ‚tamen
1289 4406 1291 4413 ,
