2872 4942
626 371 841 416 usccrnmuvs.
1203 350 1278 425 395

186 545 373 613 admodum
397 546 679 614 Varronianusum
707 548 788 610 XXI
814 571 923 628 uuam,
956 547 1172 630 Viduleriam,
1197 551 1278 617 item

185 666 340 731 novimus
365 686 434 728 non
455 661 553 732 aliam
576 664 622 728 'ob
651 688 795 729 caussam
826 663 1051 746 intercidisse,
1088 666 1151 731 nisi
1185 665 1277 791 quui

186 781 375 846 extremum
413 777 524 844 lucum
556 796 684 847 teneret
718 779 894 848 voluminis
920 779 1061 846 Plautini
1089 801 1278 875 temporum

184 898 308 966 iniuria
334 895 439 963 laceri
464 895 553 962 facti.
591 898 718 962 Deesse
740 915 849 962 autem
876 896 1096 964 Bacchidibus
1122 898 1277 991 aliquau-

184 1033 258 1080 tum
283 1011 326 1079 ed
351 1012 587 1103 integritr'tem,
612 1013 694 1079 inde
721 1015 762 1078 ab
788 1013 921 1081 saeculo
942 1015 1006 1080 XV
1031 1013 1193 1081 creditum
1218 1034 1278 1085 est.

159 1122 162 1128 ¹
186 1129 289 1213 Quod
313 1127 454 1221 quidem
477 1130 624 1220 primum
648 1130 822 1222 inscriptio
847 1117 980 1196 subulae
1007 1148 1152 1211 testatur,
1188 1133 1278 1201 Bac-

188 1245 307 1313 eltr‘des
332 1245 556 1325 Dimidmrau
597 1270 682 1337 quae
709 1248 818 1313 estin
843 1246 1085 1314 bartholomaei
1111 1247 1278 1314 Schobin.

187 1365 262 1456 geri
288 1365 350 1431 leti
376 1362 495 1431 codice
519 1360 610 1455 apud
636 1364 788 1444 Paruum,
812 1363 1081 1456 seditionibusque
1108 1361 1278 1430 aMerula

189 1479 236 1547 ad
265 1480 390 1548 Alsium
425 1480 596 1558 omnibus,
636 1480 700 1545 nisi
737 1478 830 1572 quod
866 1460 929 1545 levi
960 1479 1054 1572 lapsu
1081 1483 1117 1576 iu
1141 1479 1279 1547 Venetis

187 1624 218 1664 a.
250 1601 340 1668 1111
381 1614 415 1664 et
449 1598 544 1668 1118
578 1613 629 1662 est
663 1594 1069 1666 necessitudinum.
1107 1579 1204 1664 'Haeo
1226 1597 1279 1661 in-

185 1713 328 1807 scriptio
355 1711 527 1807 quomodo
560 1712 758 1805 accipienda
796 1715 852 1792 sit,
890 1712 1014 1780 docent
1050 1715 1277 1807 antiquiorum

178 1832 412 1923 ‘interpretum
450 1830 638 1897 notationes
677 1829 840 1896 bernardi
879 1829 1035 1898 Saraceni
1076 1847 1110 1898 11
1145 1830 1277 1896 Ioannis

185 1947 355 2039 Baptistae
380 1946 438 2014 Pii.
475 1945 537 2012 Ille
565 1947 652 2011 enim
678 1966 872 2039 argumento
900 1947 941 2012 ab
962 1963 1072 2013 semet
1092 1948 1175 2014 factu
1192 1947 1278 2012 hacc

185 2064 384 2156 praemisit:
423 2063 523 2128 Haec
548 2086 620 2127 unu
645 2061 688 2127 de
710 2061 888 2128 duodecim
911 2062 1092 2128 comoediis
1105 2079 1278 2154 postremo

187 2177 317 2247 babilis
341 2193 436 2243 earet
458 2181 629 2270 principio
666 2193 700 2243 et
736 2179 967 2271 in‘plerispue
989 2178 1072 2244 locis
1096 2176 1278 2245 dimidiata

160 2367 165 2374 ‚
187 2309 245 2361 est
271 2296 308 2359 Ι111
332 2293 482 2387 reliquae
506 2292 766 2388 subsequentes:
792 2316 879 2387 quae
904 2295 968 2360 boe
991 2310 1110 2361 nostro
1131 2316 1278 2384 prosus

185 2405 356 2477 contentu
381 2415 448 2476 erit
469 2426 683 2501 argumento,
716 2412 792 2476 Pius
808 2428 915 2476 autem
928 2427 1079 2477 enarratu
1094 2412 1183 2477 omni
1197 2414 1279 2478 Buc-

186 2524 327 2597 'chidum
354 2543 549 2620 argumento
575 2527 721 2619 primum
747 2527 829 2592 haec
855 2527 987 2594 subiicit
1007 2528 1151 2594 barbaro
1170 2545 1207 2596 ut
1225 2550 1278 2592 as-

163 2630 277 2717 ''b'ble't
302 2668 469 2722 sermone,
497 2667 582 2736 quac
607 2667 684 2709 sune
702 2643 744 2708 ad
758 2643 861 2709 finem
882 2644 991 2735 potius
1008 2642 1163 2710 videntur
1178 2668 1279 2736 quam

160 2740 234 2828 asi
260 2761 390 2826 initium
414 2759 548 2826 fabulae
576 2778 743 2853 spectare:
771 2755 844 2828 Sed
867 2777 1103 2852 respecturum
1119 2764 1280 2848 festivis-

188 2881 295 2943 simus
318 2891 352 2940 et
374 2874 633 2942 amabilissimus
655 2886 707 2942 est
729 2877 867 2966 plautus
891 2878 1028 2971 reliquit
1051 2875 1279 2946 inabsolutum

192 3006 232 3058 ut
263 3009 346 3084 puto
379 2991 588 3059 comoediam
629 2993 758 3058 scilicet
795 2994 983 3085 exemplum
1016 3008 1152 3060 secutus
1186 2992 1280 3084 epel-

188 3108 320 3174 laeum:
345 3112 404 3198 qui
427 3133 532 3198 opera
556 3109 720 3200 graphice
746 3126 780 3174 et
805 3082 1128 3207 corisummelissime
1151 3109 1279 3201 politu-

190 3248 255 3291 rae
291 3224 483 3314 semipolita
515 3227 714 3315 posteritati
749 3204 1064 3290 commendavit‘ut
1089 3240 1280 3315 superesset

189 3337 323 3418 artifici
346 3362 523 3428 regressus
549 3335 597 3402 ull
622 3346 772 3405 vem'um:
808 3357 842 3405 ct
874 3357 911 3405 111
944 3340 1044 3406 daret
1077 3344 1278 3406 existiman·

189 3455 272 3521 dum
301 3454 393 3547 (prod
429 3471 464 3519 et
500 3470 665 3546 qutantum
691 3459 825 3542 suisset
848 3480 930 3547 opus
954 3462 993 3522 ni
1016 3461 1135 3522 mortis
1158 3438 1280 3521 interl

185 3569 653 3666 111111111111111111111119
671 3588 705 3636 et
731 3573 859 3663 artifici
881 3573 930 3638 ad
952 3579 1110 3665 sequiora
1131 3572 1280 3639 tenden-

161 3686 548 3776 ,teminterpellusset
600 3685 715 3752 Paullo
743 3698 853 3753 autem
880 3708 957 3780 post
982 3692 1028 3756 sic
1052 3692 1175 3781 pergit:
1214 3688 1278 3756 111·

189 3801 315 3867 dt'tium
344 3802 446 3892 qttod
467 3803 552 3867 baec
582 3802 712 3891 fabula
742 3803 922 3870 dimidiam
963 3811 1008 3870 sit
1038 3823 1089 3870 est
1120 3806 1279 3880 Nunnius

186 3915 396 3990 Marcellus:
438 3925 497 4012 qui
534 3923 570 3985 in
609 3918 825 3991 bacchidibus
852 3922 1009 4002 plautina
1035 3920 1166 4008 fabula
1195 3923 1280 3986 citat

189 4128 469 4147 Μ

300 4229 361 4294 quin
373 4231 468 4282 sectius
479 4247 536 4282 cum
549 4215 665 4284 Mamilio
678 4233 795 4286 credetur
813 4250 880 4286 com
889 4251 912 4285 m
921 4250 936 4285 u
946 4236 976 4284 ui
998 4235 1094 4285 iectura
1113 4234 1137 4284 ti
1147 4235 1195 4286 nis
1213 4235 1280 4287 Au-

297 4313 452 4368 lulariae
480 4327 512 4370 11
536 4321 755 4394 insequentis
776 4321 917 4378 tabutas
935 4323 1072 4377 initium
1095 4323 1204 4391 perisse.
1239 4322 1281 4376 Gi.

303 4394 370 4460 lites.
392 4404 426 4462 Xl
447 4413 474 4461 11
494 4406 560 4463 xltl.
891 4404 903 4422 '⁵
