<?xml version="1.0" encoding="UTF-8"?>
<!DOCTYPE html PUBLIC "-//W3C//DTD XHTML 1.0 Transitional//EN"
    "http://www.w3.org/TR/xhtml1/DTD/xhtml1-transitional.dtd">
<html xmlns="http://www.w3.org/1999/xhtml" xml:lang="en" lang="en">
 <head>
  <title>
</title>
<meta http-equiv="Content-Type" content="text/html;charset=utf-8" />
  <meta name='ocr-system' content='tesseract 3.04.00' />
  <meta name='ocr-capabilities' content='ocr_page ocr_carea ocr_par ocr_line ocrx_word'/>
</head>
<body>
  <div class='ocr_page' id='page_1' title='image "./parergonplautin00ritsgoog_0580.png"; bbox 0 0 2872 4942; ppageno 0'>
   <div class='ocr_carea' id='block_1_1' title="bbox 161 337 932 407">
    <p class='ocr_par' dir='ltr' id='par_1_1' title="bbox 161 337 932 407">
     <span class='ocr_line' id='line_1_1' title="bbox 161 337 932 407; baseline -0.01 0"><span class='ocrx_word' id='word_1_1' title='bbox 161 337 232 407; x_wconf 72' lang='lat'>532</span> <span class='ocrx_word' id='word_1_2' title='bbox 482 361 525 400; x_wconf 82' lang='lat' dir='ltr'>tx.</span> <span class='ocrx_word' id='word_1_3' title='bbox 577 361 619 401; x_wconf 83' lang='grc' dir='ltr'>ιιιι</span> <span class='ocrx_word' id='word_1_4' title='bbox 644 358 932 402; x_wconf 78' lang='grc' dir='ltr'>ιιιτιιιιοιιτιοιιιι</span> 
     </span>
    </p>
   </div>
   <div class='ocr_carea' id='block_1_2' title="bbox 62 526 1270 4133">
    <p class='ocr_par' dir='ltr' id='par_1_2' title="bbox 62 526 1270 4133">
     <span class='ocr_line' id='line_1_2' title="bbox 160 526 1242 620; baseline 0 -26"><span class='ocrx_word' id='word_1_5' title='bbox 160 546 287 617; x_wconf 86' lang='lat' dir='ltr'>pereat.</span> <span class='ocrx_word' id='word_1_6' title='bbox 332 530 445 620; x_wconf 83' lang='lat' dir='ltr'>Atque</span> <span class='ocrx_word' id='word_1_7' title='bbox 472 530 507 594; x_wconf 94' lang='lat' dir='ltr'>in</span> <span class='ocrx_word' id='word_1_8' title='bbox 535 526 676 594; x_wconf 82' lang='lat' dir='ltr'>eandem</span> <span class='ocrx_word' id='word_1_9' title='bbox 699 527 769 594; x_wconf 81' lang='lat' dir='ltr'>lere</span> <span class='ocrx_word' id='word_1_10' title='bbox 796 527 999 594; x_wconf 86' lang='lat' dir='ltr'>sententiam</span> <span class='ocrx_word' id='word_1_11' title='bbox 1025 545 1147 596; x_wconf 71' lang='lat' dir='ltr'>contre</span> <span class='ocrx_word' id='word_1_12' title='bbox 1166 530 1242 594; x_wconf 84' lang='lat' dir='ltr'>ller-</span> 
     </span>
     <span class='ocr_line' id='line_1_3' title="bbox 161 640 1243 736; baseline 0.002 -25"><span class='ocrx_word' id='word_1_13' title='bbox 161 669 317 711; x_wconf 88' lang='lat' dir='ltr'>mannum</span> <span class='ocrx_word' id='word_1_14' title='bbox 342 647 407 710; x_wconf 86' lang='lat' dir='ltr'>iam</span> <span class='ocrx_word' id='word_1_15' title='bbox 433 644 572 710; x_wconf 88' lang='lat' dir='ltr'>Botbius</span> <span class='ocrx_word' id='word_1_16' title='bbox 595 643 677 710; x_wconf 81' lang='lat' dir='ltr'>dixit</span> <span class='ocrx_word' id='word_1_17' title='bbox 705 642 786 710; x_wconf 89' lang='lat' dir='ltr'>edit.</span> <span class='ocrx_word' id='word_1_18' title='bbox 812 645 837 709; x_wconf 89' lang='lat' dir='ltr'>l.</span> <span class='ocrx_word' id='word_1_19' title='bbox 864 670 897 736; x_wconf 84' lang='lat' dir='ltr'>p.</span> <span class='ocrx_word' id='word_1_20' title='bbox 912 640 985 714; x_wconf 72' lang='lat'>754</span> <span class='ocrx_word' id='word_1_21' title='bbox 1012 644 1081 712; x_wconf 80' lang='lat' dir='ltr'>vol.</span> <span class='ocrx_word' id='word_1_22' title='bbox 1100 647 1157 714; x_wconf 81' lang='lat' dir='ltr'>lv.</span> <span class='ocrx_word' id='word_1_23' title='bbox 1181 644 1243 713; x_wconf 81' lang='lat' dir='ltr'>Sed</span> 
     </span>
     <span class='ocr_line' id='line_1_4' title="bbox 161 757 1240 853; baseline -0.001 -26"><span class='ocrx_word' id='word_1_24' title='bbox 161 757 254 828; x_wconf 92' lang='lat' dir='ltr'>idem</span> <span class='ocrx_word' id='word_1_25' title='bbox 289 786 364 827; x_wconf 89' lang='lat' dir='ltr'>cum</span> <span class='ocrx_word' id='word_1_26' title='bbox 390 785 465 840; x_wconf 88' lang='lat' dir='ltr'>cos,</span> <span class='ocrx_word' id='word_1_27' title='bbox 507 783 591 853; x_wconf 88' lang='lat' dir='ltr'>quos</span> <span class='ocrx_word' id='word_1_28' title='bbox 626 760 815 840; x_wconf 82' lang='lat' dir='ltr'>reiicimus,</span> <span class='ocrx_word' id='word_1_29' title='bbox 849 784 964 825; x_wconf 88' lang='lat' dir='ltr'>versus</span> <span class='ocrx_word' id='word_1_30' title='bbox 1000 759 1099 829; x_wconf 91' lang='lat' dir='ltr'>nullo</span> <span class='ocrx_word' id='word_1_31' title='bbox 1133 761 1240 829; x_wconf 83' lang='lat' dir='ltr'>codice</span> 
     </span>
     <span class='ocr_line' id='line_1_5' title="bbox 161 873 1240 968; baseline 0 -26"><span class='ocrx_word' id='word_1_32' title='bbox 161 902 220 943; x_wconf 90' lang='lat' dir='ltr'>ms</span> <span class='ocrx_word' id='word_1_33' title='bbox 247 874 420 968; x_wconf 86' lang='lat' dir='ltr'>proditus,</span> <span class='ocrx_word' id='word_1_34' title='bbox 454 898 572 941; x_wconf 83' lang='lat' dir='ltr'>vetum</span> <span class='ocrx_word' id='word_1_35' title='bbox 598 877 639 941; x_wconf 91' lang='lat' dir='ltr'>ab</span> <span class='ocrx_word' id='word_1_36' title='bbox 674 873 817 966; x_wconf 84' lang='lat' dir='ltr'>Angelio</span> <span class='ocrx_word' id='word_1_37' title='bbox 854 874 1027 941; x_wconf 87' lang='lat' dir='ltr'>demum</span> <span class='ocrx_word' id='word_1_38' title='bbox 1017 900 1055 943; x_wconf 82' lang='grc' dir='ltr'>ιιι</span> <span class='ocrx_word' id='word_1_39' title='bbox 1080 878 1240 944; x_wconf 87' lang='lat' dir='ltr'>Iuntinun</span> 
     </span>
     <span class='ocr_line' id='line_1_6' title="bbox 163 982 1241 1083; baseline -0.002 -25"><span class='ocrx_word' id='word_1_40' title='bbox 163 982 348 1083; x_wconf 80' lang='lat' dir='ltr'>exemplar</span> <span class='ocrx_word' id='word_1_41' title='bbox 358 988 469 1057; x_wconf 91' lang='lat' dir='ltr'>illatos</span> <span class='ocrx_word' id='word_1_42' title='bbox 496 1005 625 1067; x_wconf 87' lang='lat' dir='ltr'>narrat,</span> <span class='ocrx_word' id='word_1_43' title='bbox 651 1013 789 1081; x_wconf 79' lang='lat' dir='ltr'>prmsus</span> <span class='ocrx_word' id='word_1_44' title='bbox 814 988 947 1056; x_wconf 86' lang='lat' dir='ltr'>fallitur.</span> <span class='ocrx_word' id='word_1_45' title='bbox 999 991 1079 1059; x_wconf 84' lang='lat' dir='ltr'>Nec</span> <span class='ocrx_word' id='word_1_46' title='bbox 1107 993 1241 1058; x_wconf 85' lang='lat' dir='ltr'>enimin</span> 
     </span>
     <span class='ocr_line' id='line_1_7' title="bbox 161 1103 1237 1188; baseline 0.001 -17"><span class='ocrx_word' id='word_1_47' title='bbox 161 1104 335 1173; x_wconf 85' lang='lat' dir='ltr'>codicibus</span> <span class='ocrx_word' id='word_1_48' title='bbox 368 1123 492 1171; x_wconf 90' lang='lat' dir='ltr'>tantum</span> <span class='ocrx_word' id='word_1_49' title='bbox 525 1103 568 1170; x_wconf 90' lang='lat' dir='ltr'>ad</span> <span class='ocrx_word' id='word_1_50' title='bbox 602 1129 702 1169; x_wconf 90' lang='lat' dir='ltr'>unum</span> <span class='ocrx_word' id='word_1_51' title='bbox 735 1105 891 1173; x_wconf 91' lang='lat' dir='ltr'>omnibus</span> <span class='ocrx_word' id='word_1_52' title='bbox 922 1103 980 1170; x_wconf 90' lang='lat' dir='ltr'>illa</span> <span class='ocrx_word' id='word_1_53' title='bbox 1007 1125 1161 1188; x_wconf 83' lang='lat' dir='ltr'>exstant,</span> <span class='ocrx_word' id='word_1_54' title='bbox 1187 1106 1237 1173; x_wconf 89' lang='lat' dir='ltr'>sed</span> 
     </span>
     <span class='ocr_line' id='line_1_8' title="bbox 162 1218 1237 1317; baseline 0.003 -32"><span class='ocrx_word' id='word_1_55' title='bbox 162 1222 260 1286; x_wconf 83' lang='lat' dir='ltr'>etiam</span> <span class='ocrx_word' id='word_1_56' title='bbox 283 1220 325 1285; x_wconf 92' lang='lat' dir='ltr'>ab</span> <span class='ocrx_word' id='word_1_57' title='bbox 354 1218 541 1286; x_wconf 89' lang='lat' dir='ltr'>editoribus</span> <span class='ocrx_word' id='word_1_58' title='bbox 568 1219 648 1286; x_wconf 89' lang='lat' dir='ltr'>inde</span> <span class='ocrx_word' id='word_1_59' title='bbox 664 1246 681 1286; x_wconf 88' lang='lat' dir='ltr'>a</span> <span class='ocrx_word' id='word_1_60' title='bbox 699 1218 830 1286; x_wconf 83' lang='lat' dir='ltr'><strong>Merula</strong></span> <span class='ocrx_word' id='word_1_61' title='bbox 845 1220 965 1286; x_wconf 85' lang='lat' dir='ltr'>servati</span> <span class='ocrx_word' id='word_1_62' title='bbox 987 1241 1067 1290; x_wconf 90' lang='lat' dir='ltr'>sunt</span> <span class='ocrx_word' id='word_1_63' title='bbox 1087 1221 1237 1317; x_wconf 84' lang='lat' dir='ltr'>usquead</span> 
     </span>
     <span class='ocr_line' id='line_1_9' title="bbox 162 1336 1237 1428; baseline -0.001 -24"><span class='ocrx_word' id='word_1_64' title='bbox 162 1336 404 1414; x_wconf 85' lang='lat' dir='ltr'>Camerarium,</span> <span class='ocrx_word' id='word_1_65' title='bbox 431 1337 489 1428; x_wconf 89' lang='lat' dir='ltr'>qui</span> <span class='ocrx_word' id='word_1_66' title='bbox 517 1360 574 1402; x_wconf 93' lang='lat' dir='ltr'>eos</span> <span class='ocrx_word' id='word_1_67' title='bbox 596 1338 724 1427; x_wconf 91' lang='lat' dir='ltr'>primus</span> <span class='ocrx_word' id='word_1_68' title='bbox 751 1336 873 1403; x_wconf 81' lang='lat' dir='ltr'>omisit·</span> <span class='ocrx_word' id='word_1_69' title='bbox 905 1339 979 1420; x_wconf 90' lang='lat' dir='ltr'>Quo</span> <span class='ocrx_word' id='word_1_70' title='bbox 1008 1352 1125 1405; x_wconf 85' lang='lat' dir='ltr'>tamen</span> <span class='ocrx_word' id='word_1_71' title='bbox 1148 1337 1237 1405; x_wconf 88' lang='lat' dir='ltr'>libro·</span> 
     </span>
     <span class='ocr_line' id='line_1_10' title="bbox 160 1449 1234 1522; baseline 0 -5"><span class='ocrx_word' id='word_1_72' title='bbox 160 1477 235 1522; x_wconf 86' lang='lat' dir='ltr'>rum</span> <span class='ocrx_word' id='word_1_73' title='bbox 274 1475 441 1519; x_wconf 90' lang='lat' dir='ltr'>consensu</span> <span class='ocrx_word' id='word_1_74' title='bbox 472 1450 612 1516; x_wconf 92' lang='lat' dir='ltr'>multum</span> <span class='ocrx_word' id='word_1_75' title='bbox 641 1451 735 1517; x_wconf 88' lang='lat' dir='ltr'>abest</span> <span class='ocrx_word' id='word_1_76' title='bbox 770 1468 807 1517; x_wconf 91' lang='lat' dir='ltr'>ut</span> <span class='ocrx_word' id='word_1_77' title='bbox 840 1449 946 1517; x_wconf 91' lang='lat' dir='ltr'>ullum</span> <span class='ocrx_word' id='word_1_78' title='bbox 980 1451 1234 1520; x_wconf 83' lang='lat' dir='ltr'>Hermannianae</span> 
     </span>
     <span class='ocr_line' id='line_1_11' title="bbox 160 1565 1230 1658; baseline 0 -26"><span class='ocrx_word' id='word_1_79' title='bbox 160 1569 280 1634; x_wconf 88' lang='lat' dir='ltr'>rationi</span> <span class='ocrx_word' id='word_1_80' title='bbox 308 1565 515 1658; x_wconf 86' lang='lat' dir='ltr'>praesidium</span> <span class='ocrx_word' id='word_1_81' title='bbox 539 1585 686 1658; x_wconf 86' lang='lat' dir='ltr'>paretur.</span> <span class='ocrx_word' id='word_1_82' title='bbox 711 1565 795 1633; x_wconf 85' lang='lat' dir='ltr'>Nam</span> <span class='ocrx_word' id='word_1_83' title='bbox 819 1569 967 1658; x_wconf 90' lang='lat' dir='ltr'>primum</span> <span class='ocrx_word' id='word_1_84' title='bbox 992 1591 1065 1636; x_wconf 88' lang='lat' dir='ltr'>non</span> <span class='ocrx_word' id='word_1_85' title='bbox 1091 1586 1141 1636; x_wconf 90' lang='lat' dir='ltr'>est</span> <span class='ocrx_word' id='word_1_86' title='bbox 1160 1566 1230 1635; x_wconf 89' lang='lat' dir='ltr'>obli-</span> 
     </span>
     <span class='ocr_line' id='line_1_12' title="bbox 160 1680 1229 1775; baseline -0.002 -25"><span class='ocrx_word' id='word_1_87' title='bbox 160 1681 366 1762; x_wconf 86' lang='lat' dir='ltr'>viscendum,</span> <span class='ocrx_word' id='word_1_88' title='bbox 392 1707 460 1749; x_wconf 92' lang='lat' dir='ltr'>non</span> <span class='ocrx_word' id='word_1_89' title='bbox 483 1681 621 1748; x_wconf 84' lang='lat' dir='ltr'>delendi</span> <span class='ocrx_word' id='word_1_90' title='bbox 646 1684 687 1749; x_wconf 89' lang='lat' dir='ltr'>ab</span> <span class='ocrx_word' id='word_1_91' title='bbox 724 1682 931 1762; x_wconf 87' lang='lat' dir='ltr'>Hermanno,</span> <span class='ocrx_word' id='word_1_92' title='bbox 958 1682 1077 1775; x_wconf 87' lang='lat' dir='ltr'>quales</span> <span class='ocrx_word' id='word_1_93' title='bbox 1103 1680 1229 1751; x_wconf 82' lang='lat' dir='ltr'>inlibris</span> 
     </span>
     <span class='ocr_line' id='line_1_13' title="bbox 160 1796 1228 1892; baseline -0.004 -24"><span class='ocrx_word' id='word_1_94' title='bbox 160 1825 276 1868; x_wconf 85' lang='lat' dir='ltr'>versus</span> <span class='ocrx_word' id='word_1_95' title='bbox 311 1817 456 1879; x_wconf 87' lang='lat' dir='ltr'>exstant,</span> <span class='ocrx_word' id='word_1_96' title='bbox 499 1796 563 1866; x_wconf 89' lang='lat' dir='ltr'>sed</span> <span class='ocrx_word' id='word_1_97' title='bbox 597 1796 712 1892; x_wconf 85' lang='lat' dir='ltr'>quales</span> <span class='ocrx_word' id='word_1_98' title='bbox 750 1823 809 1865; x_wconf 92' lang='lat' dir='ltr'>suo</span> <span class='ocrx_word' id='word_1_99' title='bbox 841 1800 978 1890; x_wconf 86' lang='lat' dir='ltr'>ingenio</span> <span class='ocrx_word' id='word_1_100' title='bbox 1012 1801 1228 1883; x_wconf 76' lang='lat' dir='ltr'>conformavit3</span> 
     </span>
     <span class='ocr_line' id='line_1_14' title="bbox 161 1913 1229 2008; baseline 0.004 -27"><span class='ocrx_word' id='word_1_101' title='bbox 161 1915 289 1982; x_wconf 87' lang='lat' dir='ltr'>deinde</span> <span class='ocrx_word' id='word_1_102' title='bbox 318 1913 560 2008; x_wconf 86' lang='lat' dir='ltr'>reputandum,</span> <span class='ocrx_word' id='word_1_103' title='bbox 586 1915 754 2008; x_wconf 77' lang='lat' dir='ltr'>quamsit</span> <span class='ocrx_word' id='word_1_104' title='bbox 775 1913 937 1994; x_wconf 90' lang='lat' dir='ltr'>violenta,</span> <span class='ocrx_word' id='word_1_105' title='bbox 961 1916 989 1981; x_wconf 93' lang='lat' dir='ltr'>si</span> <span class='ocrx_word' id='word_1_106' title='bbox 1014 1942 1132 1983; x_wconf 87' lang='lat' dir='ltr'>verum</span> <span class='ocrx_word' id='word_1_107' title='bbox 1154 1915 1229 1984; x_wconf 72' lang='lat' dir='ltr'>volu</span> 
     </span>
     <span class='ocr_line' id='line_1_15' title="bbox 160 2028 1227 2129; baseline 0 -32"><span class='ocrx_word' id='word_1_108' title='bbox 160 2056 233 2129; x_wconf 88' lang='lat' dir='ltr'>mus</span> <span class='ocrx_word' id='word_1_109' title='bbox 257 2031 362 2109; x_wconf 83' lang='lat' dir='ltr'>fateri,</span> <span class='ocrx_word' id='word_1_110' title='bbox 388 2033 461 2122; x_wconf 90' lang='lat' dir='ltr'>ipsa</span> <span class='ocrx_word' id='word_1_111' title='bbox 486 2028 544 2096; x_wconf 89' lang='lat' dir='ltr'>illa</span> <span class='ocrx_word' id='word_1_112' title='bbox 569 2031 716 2108; x_wconf 87' lang='lat' dir='ltr'>mutatio,</span> <span class='ocrx_word' id='word_1_113' title='bbox 743 2055 808 2122; x_wconf 91' lang='lat' dir='ltr'>qua</span> <span class='ocrx_word' id='word_1_114' title='bbox 833 2034 865 2097; x_wconf 82' lang='lat' dir='ltr'>si</span> <span class='ocrx_word' id='word_1_115' title='bbox 889 2030 1041 2121; x_wconf 66' lang='lat' dir='ltr'>ego-abs</span> <span class='ocrx_word' id='word_1_116' title='bbox 1066 2050 1102 2098; x_wconf 81' lang='lat' dir='ltr'>te</span> <span class='ocrx_word' id='word_1_117' title='bbox 1126 2054 1227 2125; x_wconf 68' lang='lat' dir='ltr'>ugrum</span> 
     </span>
     <span class='ocr_line' id='line_1_16' title="bbox 161 2145 1248 2239; baseline -0.002 -25"><span class='ocrx_word' id='word_1_118' title='bbox 161 2151 351 2239; x_wconf 83' lang='lat' dir='ltr'>acceperim</span> <span class='ocrx_word' id='word_1_119' title='bbox 373 2147 541 2213; x_wconf 84' lang='lat' dir='ltr'>substituit</span> <span class='ocrx_word' id='word_1_120' title='bbox 562 2170 625 2238; x_wconf 88' lang='lat' dir='ltr'>pro</span> <span class='ocrx_word' id='word_1_121' title='bbox 651 2147 721 2212; x_wconf 87' lang='lat' dir='ltr'>his:</span> <span class='ocrx_word' id='word_1_122' title='bbox 746 2149 778 2211; x_wconf 84' lang='lat' dir='ltr'>si</span> <span class='ocrx_word' id='word_1_123' title='bbox 800 2150 876 2212; x_wconf 83' lang='lat' dir='ltr'>sine</span> <span class='ocrx_word' id='word_1_124' title='bbox 900 2145 982 2213; x_wconf 85' lang='lat' dir='ltr'>dote</span> <span class='ocrx_word' id='word_1_125' title='bbox 999 2147 1149 2223; x_wconf 72' lang='lat' dir='ltr'>duxeris.</span> <span class='ocrx_word' id='word_1_126' title='bbox 1174 2148 1248 2221; x_wconf 72' lang='lat' dir='ltr'>Not.</span> 
     </span>
     <span class='ocr_line' id='line_1_17' title="bbox 162 2261 1227 2357; baseline -0.005 -26"><span class='ocrx_word' id='word_1_127' title='bbox 162 2264 232 2331; x_wconf 89' lang='lat' dir='ltr'>ullo</span> <span class='ocrx_word' id='word_1_128' title='bbox 258 2281 356 2357; x_wconf 87' lang='lat' dir='ltr'>paeto</span> <span class='ocrx_word' id='word_1_129' title='bbox 382 2263 469 2329; x_wconf 85' lang='lat' dir='ltr'>baec</span> <span class='ocrx_word' id='word_1_130' title='bbox 505 2261 642 2354; x_wconf 88' lang='lat' dir='ltr'>quidem</span> <span class='ocrx_word' id='word_1_131' title='bbox 681 2261 821 2329; x_wconf 82' lang='lat' dir='ltr'>offensio</span> <span class='ocrx_word' id='word_1_132' title='bbox 853 2261 1024 2330; x_wconf 84' lang='lat' dir='ltr'>credenda</span> <span class='ocrx_word' id='word_1_133' title='bbox 1055 2283 1108 2331; x_wconf 85' lang='lat' dir='ltr'>est</span> <span class='ocrx_word' id='word_1_134' title='bbox 1135 2290 1171 2331; x_wconf 83' lang='lat' dir='ltr'>ea</span> <span class='ocrx_word' id='word_1_135' title='bbox 1191 2264 1227 2327; x_wconf 79' lang='lat' dir='ltr'>sia</span> 
     </span>
     <span class='ocr_line' id='line_1_18' title="bbox 162 2378 1226 2472; baseline -0.001 -23"><span class='ocrx_word' id='word_1_136' title='bbox 162 2380 256 2462; x_wconf 86' lang='lat' dir='ltr'>tolli,</span> <span class='ocrx_word' id='word_1_137' title='bbox 291 2405 392 2472; x_wconf 87' lang='lat' dir='ltr'>quam</span> <span class='ocrx_word' id='word_1_138' title='bbox 418 2378 703 2447; x_wconf 81' lang='lat' dir='ltr'>Lindemannus</span> <span class='ocrx_word' id='word_1_139' title='bbox 694 2378 776 2444; x_wconf 80' lang='lat' dir='ltr'>iniit.</span> <span class='ocrx_word' id='word_1_140' title='bbox 828 2379 893 2462; x_wconf 83' lang='lat' dir='ltr'>Qui</span> <span class='ocrx_word' id='word_1_141' title='bbox 925 2404 1002 2445; x_wconf 87' lang='lat' dir='ltr'>cum</span> <span class='ocrx_word' id='word_1_142' title='bbox 1028 2380 1064 2445; x_wconf 92' lang='lat' dir='ltr'>in</span> <span class='ocrx_word' id='word_1_143' title='bbox 1088 2380 1226 2448; x_wconf 81' lang='lat' dir='ltr'>unoLi·</span> 
     </span>
     <span class='ocr_line' id='line_1_19' title="bbox 162 2490 1270 2599; baseline -0.005 -36"><span class='ocrx_word' id='word_1_144' title='bbox 162 2497 289 2599; x_wconf 84' lang='lat' dir='ltr'>psiensi</span> <span class='ocrx_word' id='word_1_145' title='bbox 315 2495 433 2563; x_wconf 90' lang='lat' dir='ltr'>codice</span> <span class='ocrx_word' id='word_1_146' title='bbox 443 2492 473 2579; x_wconf 89' lang='lat'><em>)</em></span> <span class='ocrx_word' id='word_1_147' title='bbox 498 2518 564 2561; x_wconf 89' lang='lat' dir='ltr'>non</span> <span class='ocrx_word' id='word_1_148' title='bbox 591 2491 689 2573; x_wconf 90' lang='lat' dir='ltr'>illud,</span> <span class='ocrx_word' id='word_1_149' title='bbox 715 2491 807 2586; x_wconf 88' lang='lat' dir='ltr'>quod</span> <span class='ocrx_word' id='word_1_150' title='bbox 833 2493 934 2562; x_wconf 90' lang='lat' dir='ltr'>modo</span> <span class='ocrx_word' id='word_1_151' title='bbox 959 2493 1163 2577; x_wconf 83' lang='lat' dir='ltr'>dicebamus,</span> <span class='ocrx_word' id='word_1_152' title='bbox 1180 2490 1225 2561; x_wconf 86' lang='lat' dir='ltr'>sed</span> <span class='ocrx_word' id='word_1_153' title='bbox 1269 2576 1270 2588; x_wconf 10' lang='grc' dir='ltr'>χ</span> 
     </span>
     <span class='ocr_line' id='line_1_20' title="bbox 163 2600 1224 2743; baseline -0.006 -65"><span class='ocrx_word' id='word_1_154' title='bbox 163 2614 229 2681; x_wconf 92' lang='lat' dir='ltr'>hoc</span> <span class='ocrx_word' id='word_1_155' title='bbox 255 2600 366 2743; x_wconf 82' lang='lat' dir='ltr'>p‘otibs</span> <span class='ocrx_word' id='word_1_156' title='bbox 399 2611 622 2702; x_wconf 83' lang='lat' dir='ltr'>repperisset:</span> <span class='ocrx_word' id='word_1_157' title='bbox 660 2612 693 2674; x_wconf 84' lang='lat' dir='ltr'>si</span> <span class='ocrx_word' id='word_1_158' title='bbox 725 2634 808 2676; x_wconf 89' lang='lat' dir='ltr'>cum</span> <span class='ocrx_word' id='word_1_159' title='bbox 829 2609 910 2675; x_wconf 86' lang='lat' dir='ltr'>dote</span> <span class='ocrx_word' id='word_1_160' title='bbox 936 2609 1119 2688; x_wconf 65' lang='lat' dir='ltr'>duxerim,</span> <span class='ocrx_word' id='word_1_161' title='bbox 1152 2611 1224 2677; x_wconf 87' lang='lat' dir='ltr'>idut</span> 
     </span>
     <span class='ocr_line' id='line_1_21' title="bbox 130 2696 1270 2818; baseline -0.004 -24"><span class='ocrx_word' id='word_1_162' title='bbox 130 2750 136 2761; x_wconf 88' lang='lat'><em>·</em></span> <span class='ocrx_word' id='word_1_163' title='bbox 163 2696 349 2797; x_wconf 83' lang='lat' dir='ltr'>sententiae</span> <span class='ocrx_word' id='word_1_164' title='bbox 380 2725 728 2792; x_wconf 89' lang='lat' dir='ltr'>convenientissimum</span> <span class='ocrx_word' id='word_1_165' title='bbox 753 2726 913 2792; x_wconf 88' lang='lat' dir='ltr'>ambabus</span> <span class='ocrx_word' id='word_1_166' title='bbox 946 2729 1101 2793; x_wconf 87' lang='lat' dir='ltr'>manibus</span> <span class='ocrx_word' id='word_1_167' title='bbox 1127 2722 1222 2818; x_wconf 86' lang='lat' dir='ltr'>ample·</span> <span class='ocrx_word' id='word_1_168' title='bbox 1267 2793 1270 2818; x_wconf 29' lang='grc' dir='ltr'><strong><em>ἰ</em></strong></span> 
     </span>
     <span class='ocr_line' id='line_1_22' title="bbox 131 2822 1269 2934; baseline -0.006 -24"><span class='ocrx_word' id='word_1_169' title='bbox 131 2822 261 2910; x_wconf 33' lang='lat' dir='ltr'>&#39;xus</span> <span class='ocrx_word' id='word_1_170' title='bbox 253 2869 287 2907; x_wconf 85' lang='grc' dir='ltr'>ιιι</span> <span class='ocrx_word' id='word_1_171' title='bbox 316 2841 498 2923; x_wconf 83' lang='lat' dir='ltr'>editionem</span> <span class='ocrx_word' id='word_1_172' title='bbox 525 2866 616 2907; x_wconf 90' lang='lat' dir='ltr'>suam</span> <span class='ocrx_word' id='word_1_173' title='bbox 635 2864 868 2933; x_wconf 82' lang='lat' dir='ltr'>praepropere</span> <span class='ocrx_word' id='word_1_174' title='bbox 888 2844 1048 2934; x_wconf 89' lang='lat' dir='ltr'>suscepit.</span> <span class='ocrx_word' id='word_1_175' title='bbox 1083 2844 1219 2911; x_wconf 82' lang='lat' dir='ltr'>Probare-</span> <span class='ocrx_word' id='word_1_176' title='bbox 1266 2908 1269 2933; x_wconf 40' lang='lat'><em>³</em></span> 
     </span>
     <span class='ocr_line' id='line_1_23' title="bbox 163 2954 1219 3047; baseline -0.004 -21"><span class='ocrx_word' id='word_1_177' title='bbox 163 2985 236 3026; x_wconf 90' lang='lat' dir='ltr'>mus</span> <span class='ocrx_word' id='word_1_178' title='bbox 254 2959 401 3039; x_wconf 82' lang='lat' dir='ltr'>fortasse,</span> <span class='ocrx_word' id='word_1_179' title='bbox 420 2957 483 3022; x_wconf 86' lang='lat' dir='ltr'>nisi</span> <span class='ocrx_word' id='word_1_180' title='bbox 504 2954 804 3047; x_wconf 77' lang='lat' dir='ltr'>exploratissimum</span> <span class='ocrx_word' id='word_1_181' title='bbox 822 2956 1024 3024; x_wconf 84' lang='lat' dir='ltr'>haberemus</span> <span class='ocrx_word' id='word_1_182' title='bbox 1045 2960 1116 3025; x_wconf 90' lang='lat' dir='ltr'>eius</span> <span class='ocrx_word' id='word_1_183' title='bbox 1130 2979 1219 3026; x_wconf 82' lang='lat' dir='ltr'>reocu-</span> 
     </span>
     <span class='ocr_line' id='line_1_24' title="bbox 165 3070 1270 3168; baseline -0.005 -26"><span class='ocrx_word' id='word_1_184' title='bbox 165 3075 276 3154; x_wconf 88' lang='lat' dir='ltr'>sionis,</span> <span class='ocrx_word' id='word_1_185' title='bbox 300 3099 399 3168; x_wconf 88' lang='lat' dir='ltr'>quam</span> <span class='ocrx_word' id='word_1_186' title='bbox 417 3072 599 3164; x_wconf 86' lang='lat' dir='ltr'>Lipsiensis</span> <span class='ocrx_word' id='word_1_187' title='bbox 625 3070 713 3137; x_wconf 89' lang='lat' dir='ltr'>liber</span> <span class='ocrx_word' id='word_1_188' title='bbox 737 3072 882 3152; x_wconf 71' lang='lat' dir='ltr'>exbibet,</span> <span class='ocrx_word' id='word_1_189' title='bbox 907 3088 1079 3141; x_wconf 85' lang='lat' dir='ltr'>auctorem</span> <span class='ocrx_word' id='word_1_190' title='bbox 1095 3071 1217 3143; x_wconf 83' lang='lat' dir='ltr'>sliofott·</span> <span class='ocrx_word' id='word_1_191' title='bbox 1268 3141 1270 3162; x_wconf 40' lang='lat'>1</span> 
     </span>
     <span class='ocr_line' id='line_1_25' title="bbox 164 3186 1217 3284; baseline -0.005 -27"><span class='ocrx_word' id='word_1_192' title='bbox 164 3209 210 3272; x_wconf 86' lang='lat' dir='ltr'>te,</span> <span class='ocrx_word' id='word_1_193' title='bbox 235 3191 299 3257; x_wconf 83' lang='lat' dir='ltr'>nist</span> <span class='ocrx_word' id='word_1_194' title='bbox 289 3188 485 3260; x_wconf 74' lang='lat' dir='ltr'>⁸·Decu1tati</span> <span class='ocrx_word' id='word_1_195' title='bbox 502 3187 710 3254; x_wconf 89' lang='lat' dir='ltr'>Vrsinianive</span> <span class='ocrx_word' id='word_1_196' title='bbox 731 3186 855 3255; x_wconf 89' lang='lat' dir='ltr'>codicis</span> <span class='ocrx_word' id='word_1_197' title='bbox 874 3186 1043 3258; x_wconf 90' lang='lat' dir='ltr'>simillimo</span> <span class='ocrx_word' id='word_1_198' title='bbox 1060 3184 1217 3284; x_wconf 75' lang='lat' dir='ltr'>(vetptiu</span> 
     </span>
     <span class='ocr_line' id='line_1_26' title="bbox 62 3294 1219 3431; baseline -0.004 -60"><span class='ocrx_word' id='word_1_199' title='bbox 62 3385 65 3392; x_wconf 25' lang='grc' dir='ltr'>Ι</span> <span class='ocrx_word' id='word_1_200' title='bbox 165 3310 304 3398; x_wconf 71' lang='lat' dir='ltr'>piossus</span> <span class='ocrx_word' id='word_1_201' title='bbox 329 3301 428 3431; x_wconf 84' lang='lat' dir='ltr'>pari),</span> <span class='ocrx_word' id='word_1_202' title='bbox 451 3300 544 3369; x_wconf 92' lang='lat' dir='ltr'>nullo</span> <span class='ocrx_word' id='word_1_203' title='bbox 570 3327 666 3368; x_wconf 89' lang='lat' dir='ltr'>usum</span> <span class='ocrx_word' id='word_1_204' title='bbox 690 3327 781 3370; x_wconf 85' lang='lat' dir='ltr'>esse:</span> <span class='ocrx_word' id='word_1_205' title='bbox 810 3328 921 3396; x_wconf 87' lang='lat' dir='ltr'>equo</span> <span class='ocrx_word' id='word_1_206' title='bbox 946 3294 1219 3399; x_wconf 77' lang='lat' dir='ltr'>consequitur-soli</span> 
     </span>
     <span class='ocr_line' id='line_1_27' title="bbox 166 3394 1220 3516; baseline -0.001 -29"><span class='ocrx_word' id='word_1_207' title='bbox 166 3423 236 3487; x_wconf 91' lang='lat' dir='ltr'>eius</span> <span class='ocrx_word' id='word_1_208' title='bbox 258 3394 468 3486; x_wconf 84' lang='lat' dir='ltr'>coniecturae</span> <span class='ocrx_word' id='word_1_209' title='bbox 496 3419 711 3484; x_wconf 89' lang='lat' dir='ltr'>mutationem</span> <span class='ocrx_word' id='word_1_210' title='bbox 730 3418 822 3484; x_wconf 90' lang='lat' dir='ltr'>illam</span> <span class='ocrx_word' id='word_1_211' title='bbox 841 3418 970 3486; x_wconf 86' lang='lat' dir='ltr'>deberi.</span> <span class='ocrx_word' id='word_1_212' title='bbox 978 3422 1048 3488; x_wconf 77' lang='grc' dir='ltr'>ιΕι</span> <span class='ocrx_word' id='word_1_213' title='bbox 1068 3419 1155 3516; x_wconf 86' lang='lat' dir='ltr'>quali</span> <span class='ocrx_word' id='word_1_214' title='bbox 1170 3414 1220 3509; x_wconf 79' lang='lat' dir='ltr'>qui·</span> 
     </span>
     <span class='ocr_line' id='line_1_28' title="bbox 168 3532 1220 3616; baseline -0.005 -12"><span class='ocrx_word' id='word_1_215' title='bbox 168 3536 249 3604; x_wconf 79' lang='lat' dir='ltr'>dem</span> <span class='ocrx_word' id='word_1_216' title='bbox 275 3535 515 3602; x_wconf 74' lang='lat' dir='ltr'>coniecturae?</span> <span class='ocrx_word' id='word_1_217' title='bbox 575 3536 669 3616; x_wconf 83' lang='lat' dir='ltr'>Quae</span> <span class='ocrx_word' id='word_1_218' title='bbox 696 3559 760 3600; x_wconf 91' lang='lat' dir='ltr'>nec</span> <span class='ocrx_word' id='word_1_219' title='bbox 782 3562 799 3600; x_wconf 90' lang='lat' dir='ltr'>a</span> <span class='ocrx_word' id='word_1_220' title='bbox 823 3534 1012 3602; x_wconf 87' lang='lat' dir='ltr'>litterarum</span> <span class='ocrx_word' id='word_1_221' title='bbox 1038 3532 1220 3605; x_wconf 70' lang='lat' dir='ltr'>similitudine</span> 
     </span>
     <span class='ocr_line' id='line_1_29' title="bbox 114 3627 1220 3746; baseline -0.005 -28"><span class='ocrx_word' id='word_1_222' title='bbox 114 3627 118 3636; x_wconf 23' lang='grc' dir='ltr'>ι</span> <span class='ocrx_word' id='word_1_223' title='bbox 169 3654 350 3746; x_wconf 77' lang='lat' dir='ltr'>quicquam</span> <span class='ocrx_word' id='word_1_224' title='bbox 382 3647 628 3741; x_wconf 88' lang='lat' dir='ltr'>probabilitatis</span> <span class='ocrx_word' id='word_1_225' title='bbox 658 3650 796 3729; x_wconf 88' lang='lat' dir='ltr'>habeat,</span> <span class='ocrx_word' id='word_1_226' title='bbox 833 3675 898 3716; x_wconf 87' lang='lat' dir='ltr'>nec</span> <span class='ocrx_word' id='word_1_227' title='bbox 923 3675 995 3717; x_wconf 88' lang='lat' dir='ltr'>eam</span> <span class='ocrx_word' id='word_1_228' title='bbox 1021 3653 1128 3744; x_wconf 86' lang='lat' dir='ltr'>ipsam</span> <span class='ocrx_word' id='word_1_229' title='bbox 1152 3666 1220 3744; x_wconf 78' lang='lat' dir='ltr'>quom</span> 
     </span>
     <span class='ocr_line' id='line_1_30' title="bbox 168 3758 1220 3862; baseline -0.005 -28"><span class='ocrx_word' id='word_1_230' title='bbox 168 3770 370 3862; x_wconf 89' lang='lat' dir='ltr'>requirimus</span> <span class='ocrx_word' id='word_1_231' title='bbox 392 3766 588 3831; x_wconf 86' lang='lat' dir='ltr'>sententiam</span> <span class='ocrx_word' id='word_1_232' title='bbox 608 3783 741 3860; x_wconf 84' lang='lat' dir='ltr'>aequet.</span> <span class='ocrx_word' id='word_1_233' title='bbox 768 3769 853 3834; x_wconf 87' lang='lat' dir='ltr'>Nam</span> <span class='ocrx_word' id='word_1_234' title='bbox 869 3790 939 3832; x_wconf 93' lang='lat' dir='ltr'>non</span> <span class='ocrx_word' id='word_1_235' title='bbox 956 3765 1043 3833; x_wconf 93' lang='lat' dir='ltr'>illud</span> <span class='ocrx_word' id='word_1_236' title='bbox 1062 3770 1167 3861; x_wconf 86' lang='lat' dir='ltr'>potius</span> <span class='ocrx_word' id='word_1_237' title='bbox 1179 3758 1220 3829; x_wconf 77' lang='lat' dir='ltr'>sibl</span> 
     </span>
     <span class='ocr_line' id='line_1_31' title="bbox 171 3880 1220 3976; baseline -0.001 -26"><span class='ocrx_word' id='word_1_238' title='bbox 171 3884 384 3951; x_wconf 88' lang='lat' dir='ltr'>inhonestum</span> <span class='ocrx_word' id='word_1_239' title='bbox 401 3906 473 3948; x_wconf 92' lang='lat' dir='ltr'>esse</span> <span class='ocrx_word' id='word_1_240' title='bbox 493 3881 573 3949; x_wconf 90' lang='lat' dir='ltr'>dicit</span> <span class='ocrx_word' id='word_1_241' title='bbox 587 3880 763 3976; x_wconf 81' lang='lat' dir='ltr'>Lysiteles,</span> <span class='ocrx_word' id='word_1_242' title='bbox 773 3907 910 3950; x_wconf 83' lang='lat' dir='ltr'>uxorem</span> <span class='ocrx_word' id='word_1_243' title='bbox 924 3881 1051 3952; x_wconf 89' lang='lat' dir='ltr'>ducere</span> <span class='ocrx_word' id='word_1_244' title='bbox 1072 3910 1143 3951; x_wconf 90' lang='lat' dir='ltr'>cum</span> <span class='ocrx_word' id='word_1_245' title='bbox 1159 3883 1220 3949; x_wconf 71' lang='lat' dir='ltr'>dote,</span> 
     </span>
     <span class='ocr_line' id='line_1_32' title="bbox 171 3990 1217 4133; baseline -0.006 -70"><span class='ocrx_word' id='word_1_246' title='bbox 171 4024 270 4091; x_wconf 90' lang='lat' dir='ltr'>quam</span> <span class='ocrx_word' id='word_1_247' title='bbox 296 3998 381 4079; x_wconf 88' lang='lat' dir='ltr'>hoc,</span> <span class='ocrx_word' id='word_1_248' title='bbox 416 4021 557 4064; x_wconf 85' lang='lat' dir='ltr'>uxorem</span> <span class='ocrx_word' id='word_1_249' title='bbox 582 3999 627 4063; x_wconf 88' lang='lat' dir='ltr'>ita</span> <span class='ocrx_word' id='word_1_250' title='bbox 638 4058 641 4075; x_wconf 81' lang='grc'>,</span> <span class='ocrx_word' id='word_1_251' title='bbox 643 3997 780 4133; x_wconf 45' lang='lat' dir='ltr'>putere</span> <span class='ocrx_word' id='word_1_252' title='bbox 807 4014 843 4063; x_wconf 92' lang='lat' dir='ltr'>ut</span> <span class='ocrx_word' id='word_1_253' title='bbox 873 4018 1011 4091; x_wconf 80' lang='lat' dir='ltr'>accepta</span> <span class='ocrx_word' id='word_1_254' title='bbox 1033 3998 1110 4068; x_wconf 87' lang='lat' dir='ltr'>dote</span> <span class='ocrx_word' id='word_1_255' title='bbox 1131 3990 1217 4064; x_wconf 81' lang='lat' dir='ltr'>iniurit</span> 
     </span>
    </p>
   </div>
   <div class='ocr_carea' id='block_1_3' title="bbox 197 4251 1226 4432">
    <p class='ocr_par' dir='ltr' id='par_1_3' title="bbox 197 4251 1226 4432">
     <span class='ocr_line' id='line_1_33' title="bbox 234 4251 1226 4338; baseline 0.006 -24"><span class='ocrx_word' id='word_1_256' title='bbox 234 4269 259 4335; x_wconf 77' lang='lat'>’)</span> <span class='ocrx_word' id='word_1_257' title='bbox 277 4264 341 4315; x_wconf 78' lang='lat' dir='ltr'>llam</span> <span class='ocrx_word' id='word_1_258' title='bbox 358 4280 374 4315; x_wconf 89' lang='lat' dir='ltr'>a</span> <span class='ocrx_word' id='word_1_259' title='bbox 390 4265 548 4333; x_wconf 77' lang='lat' dir='ltr'>reliquorum</span> <span class='ocrx_word' id='word_1_260' title='bbox 572 4266 690 4318; x_wconf 83' lang='lat' dir='ltr'>codicum</span> <span class='ocrx_word' id='word_1_261' title='bbox 707 4270 831 4319; x_wconf 82' lang='lat' dir='ltr'>memoria</span> <span class='ocrx_word' id='word_1_262' title='bbox 852 4283 887 4319; x_wconf 88' lang='lat' dir='ltr'>ne</span> <span class='ocrx_word' id='word_1_263' title='bbox 906 4270 1028 4337; x_wconf 82' lang='lat' dir='ltr'>princeps</span> <span class='ocrx_word' id='word_1_264' title='bbox 1053 4268 1149 4338; x_wconf 83' lang='lat' dir='ltr'>quidem</span> <span class='ocrx_word' id='word_1_265' title='bbox 1164 4251 1226 4315; x_wconf 53' lang='lat' dir='ltr'>tillD</span> 
     </span>
     <span class='ocr_line' id='line_1_34' title="bbox 197 4360 1072 4432; baseline 0.013 -25"><span class='ocrx_word' id='word_1_266' title='bbox 197 4360 206 4377; x_wconf 70' lang='lat'><strong><em>⁶</em></strong></span> <span class='ocrx_word' id='word_1_267' title='bbox 274 4361 324 4413; x_wconf 90' lang='lat' dir='ltr'>nisi</span> <span class='ocrx_word' id='word_1_268' title='bbox 343 4374 375 4411; x_wconf 85' lang='lat' dir='ltr'>eo</span> <span class='ocrx_word' id='word_1_269' title='bbox 397 4360 541 4430; x_wconf 84' lang='lat' dir='ltr'>discrepat,</span> <span class='ocrx_word' id='word_1_270' title='bbox 559 4363 628 4430; x_wconf 86' lang='lat' dir='ltr'>quod</span> <span class='ocrx_word' id='word_1_271' title='bbox 649 4362 749 4417; x_wconf 70' lang='lat' dir='ltr'>diceris</span> <span class='ocrx_word' id='word_1_272' title='bbox 767 4365 874 4431; x_wconf 82' lang='lat' dir='ltr'>praebet</span> <span class='ocrx_word' id='word_1_273' title='bbox 892 4381 939 4432; x_wconf 85' lang='lat' dir='ltr'>pro</span> <span class='ocrx_word' id='word_1_274' title='bbox 959 4367 1072 4424; x_wconf 75' lang='lat' dir='ltr'>duceris.</span> 
     </span>
    </p>
   </div>
   <div class='ocr_carea' id='block_1_4' title="bbox 0 0 1450 4942">
    <p class='ocr_par' dir='ltr' id='par_1_4' title="bbox 0 0 1450 4942">
     <span class='ocr_line' id='line_1_35' title="bbox 0 0 1450 4942; baseline 0 0"><span class='ocrx_word' id='word_1_275' title='bbox 0 0 1450 4942; x_wconf 95' lang='lat' dir='ltr'> </span> 
     </span>
    </p>
   </div>
  </div>
 </body>
</html>
