2872 4942
186 346 259 443 374
573 368 617 435 vl·
642 390 686 435 os
711 390 889 434 verennes

1101 494 1122 533 4
1225 498 1231 511 .

186 566 325 665 legitur:
363 567 439 631 setis
471 567 560 631 enim
590 582 719 633 constat
752 586 964 657 praenomen
990 567 1021 632 ci
1048 565 1272 645 inisse-'Cain

189 684 227 751 et
247 676 293 749 A·
317 676 404 746 uiue
431 681 587 747 omnam
604 681 865 773 regnentur,
892 677 994 746 coen.
1010 666 1187 750 senonici
1203 709 1270 749 cum

191 786 246 867 till.
270 788 400 891 princ:
426 797 470 860 ita
493 820 561 862 non
586 797 689 888 magis
715 820 777 862 nos
803 797 925 862 morari
951 794 1036 861 illud
1050 814 1175 888 potest,
1190 798 1272 892 quod

188 914 224 979 in
259 910 401 978 elencho
429 909 507 976 libri
533 911 583 975 111
617 928 721 978 exstat
745 908 910 978 L.‹Atcio
937 912 1129 1003 Capitone,
1169 938 1210 980 eo
1241 912 1270 977 id

188 1024 329 1122 quidem
362 1028 567 1118 suspectius,
606 1051 673 1121 qno
709 1029 856 1094 certiore
890 1025 964 1120 lege
991 1029 1027 1093 in
1058 1029 1113 1095 his
1141 1028 1269 1122 quidem

189 1141 338 1211 elenchis
370 1142 527 1209 hinorum
566 1144 737 1209 nominum
773 1141 1000 1235 appellatione
1041 1168 1118 1212 sese
1152 1143 1269 1214 Plinius

182 1234 362 1361 ‚contiirnin
413 1214 565 1351 Dequo
597 1259 714 1325 moniti
740 1285 757 1324 a
784 1258 926 1352 Bergkio
951 1282 1053 1350 supra
1077 1258 1221 1328 diximus
1243 1287 1269 1353 p.

190 1369 248 1442 40.
305 1370 389 1439 Cum
426 1391 537 1440 eutem
576 1373 610 1438 in
645 1373 789 1440 elencho
823 1372 904 1439 libri
932 1373 1065 1440 XXXll
1097 1377 1138 1443 L.
1161 1373 1271 1444 Ateius

189 1486 324 1568 redeat,
366 1487 408 1555 de
435 1488 570 1554 alterius
592 1507 702 1555 autem
730 1491 841 1570 Ateii,
879 1491 1082 1584 grammatici
1119 1490 1270 1585 Philologi

191 1607 407 1701 cognomine,
445 1610 664 1698 praenomine
697 1606 833 1700 quidem
868 1605 1002 1673 aliunde
1027 1607 1114 1674 nihil
1141 1623 1269 1676 constet:

190 1722 307 1791 nescio
335 1746 376 1786 an
402 1722 458 1789 hic
483 1723 557 1814 ipse
570 1724 692 1788 Lucius
711 1722 813 1789 suerit
839 1740 984 1803 vocatus,
1002 1721 1074 1788 illic
1095 1741 1205 1790 autem
1220 1746 1270 1815 pro

195 1835 236 1903 L·
271 1833 375 1905 Ateio
402 1838 572 1929 Capitone
602 1837 846 1904 restituendum
878 1839 920 1904 sit
951 1841 989 1908 L.
1023 1845 1153 1916 Ateio,
1183 1836 1268 1906 Ateio

197 1951 386 2045 Capitone:
413 1972 593 2047 uterque
621 1956 735 2020 Ateius
762 1973 798 2021 ut
822 1954 888 2021 hoc
912 1953 989 2021 loco
1015 1957 1098 2022 item
1124 1955 1267 2048 significa-

196 2083 247 2133 tus
279 2069 321 2135 sit
355 2087 454 2161 atque
484 2067 562 2134 libri
590 2069 638 2135 IV
664 2067 805 2135 elencho
830 2072 1028 2163 cognomine
1055 2088 1200 2166 utroque
1222 2067 1266 2134 ed·
1307 2148 1309 2173 ἱ

193 2183 280 2252 iecto
307 2187 376 2252 sic:
417 2181 520 2252 Ateio
548 2184 730 2277 Capitone,
752 2181 856 2252 Ateio
877 2184 1071 2276 Plzilologo.

704 2387 732 2474 s.
759 2390 791 2455 7.

295 2521 441 2589 Semotis
469 2545 485 2585 a
512 2517 765 2584 scholiasternm
792 2516 1021 2585 Plautinornm
1053 2542 1194 2586 numero
1217 2517 1262 2583 ca-

195 2654 261 2734 pro
287 2655 320 2704 et
346 2635 445 2703 Celso
483 2652 611 2701 restant
642 2634 784 2700 Scaurus
820 2652 853 2700 et
879 2632 1028 2700 Sisenna.
1081 2637 1124 2702 Et
1149 2637 1186 2718 Q
1208 2630 1261 2724 qui·

197 2755 278 2822 dem
304 2753 553 2819 Terentium
578 2749 785 2816 Scaurum
822 2775 863 2816 ex
890 2747 991 2816 Gellii
1014 2751 1112 2818 Noct.
1139 2753 1200 2817 Au
1222 2744 1261 2822 Xl,

201 2873 245 2939 15
272 2869 425 2934 novimus
451 2865 693 2932 nobilissimum
712 2865 872 2931 Hadriani
899 2883 1004 2932 aetate
1030 2867 1261 2960 grammaticum,

200 2983 357 3050 Ceesellii
399 3007 551 3048 errorum
587 3007 696 3048 acrem
730 2982 978 3074 castigatorem.
1019 2981 1167 3048 eundem
1200 2980 1262 3045 onis

198 3102 447 3190 grammaticae
473 3115 644 3164 auctorem
670 3121 687 3162 e
715 3097 866 3163 Charisio
894 3123 927 3190 p.
955 3095 1109 3176 107,46.
1140 3096 1262 3178 trull,

198 3234 378 3310 praeterea
404 3216 493 3280 Artis
520 3215 673 3304 poeticae
701 3213 900 3278 Horatianae
927 3215 1152 3304 intelpretem
1176 3231 1263 3280 exeo

201 3335 281 3402 dem
307 3362 342 3426 p.
373 3336 453 3407 182,
481 3330 627 3411 4..188,'
653 3336 706 3400 17.
757 3335 808 3400 De
835 3329 1028 3423 Virgilianis
1056 3332 1176 3399 Scauri
1198 3350 1264 3396 con

199 3451 370 3518 menter-iis
398 3448 523 3514 dictum
550 3466 600 3513 est
624 3465 740 3515 anteat
772 3447 940 3515 Plautinos
964 3449 1098 3514 nescire
1124 3475 1161 3516 se
1187 3448 1264 3514 fassus

201 3584 251 3634 est
277 3566 476 3656 Soringarns
503 3566 527 3644 l,
550 3592 573 3656 p
606 3567 650 3636 75
677 3590 726 3656 sq.
755 3589 821 3657 quo
847 3565 919 3629 iure
941 3564 1118 3631 Fabricios
1145 3567 1265 3631 hucret-

202 3682 341 3751 tulisset.
394 3682 473 3745 Eius
509 3698 616 3746 autem
650 3679 865 3747 dubitatmnis
897 3704 1011 3746 caussa
1047 3705 1118 3747 non
1149 3673 1264 3747 funalia

199 3801 265 3866 nisi
291 3788 343 3864 iix
367 3783 561 3864 excusabilis
580 3797 687 3861 Rufini
702 3797 939 3863 Antiochensis
966 3797 1133 3888 ignoratio
1157 3793 1207 3862 vel
1221 3811 1263 3882 pv·

202 3919 264 3981 tius
299 3939 393 3995 rarus
424 3914 612 4096 Patselriani
645 3912 765 3978 indicis
794 3912 954 3978 defectus
1001 3910 1085 3982 Nam
1109 3927 1263 4006 propemo-

203 4031 282 4097 dum
308 4029 438 4096 incredi
460 4050 509 4096 'le
538 4049 603 4108 est,
641 4032 698 4122 qui
725 4029 768 4096 de
797 4028 981 4096 scholiastis
1005 4029 1116 4096 latinis
1142 4027 1261 4096 scribere

202 4147 400 4226 instituerit,
437 4171 506 4211 non
547 4170 619 4211 esse
658 4147 709 4211 his
748 4144 932 4238 praeclaris
978 4145 1089 4211 Rufini
1127 4134 1259 4229 excerptis

202 4285 307 4342 usum,
334 4262 376 4326 nd
390 4262 550 4328 Scaurum
578 4260 673 4327 simul
702 4282 733 4328 et
751 4262 924 4328 Sisennam
951 4264 1183 4355 spectantibus,
1197 4271 1257 4348 quae

205 4399 223 4441 e
248 4400 280 4469 p.
307 4381 400 4450 2711
429 4381 464 4447 P.
490 4377 542 4445 vel
566 4359 637 4448 384
665 4379 766 4446 Geisi.
792 4380 1095 4472 transscripsimus:
