<?xml version="1.0" encoding="UTF-8"?>
<!DOCTYPE html PUBLIC "-//W3C//DTD XHTML 1.0 Transitional//EN"
    "http://www.w3.org/TR/xhtml1/DTD/xhtml1-transitional.dtd">
<html xmlns="http://www.w3.org/1999/xhtml" xml:lang="en" lang="en">
 <head>
  <title>
</title>
<meta http-equiv="Content-Type" content="text/html;charset=utf-8" />
  <meta name='ocr-system' content='tesseract 3.04.00' />
  <meta name='ocr-capabilities' content='ocr_page ocr_carea ocr_par ocr_line ocrx_word'/>
</head>
<body>
  <div class='ocr_page' id='page_1' title='image "./parergonplautin00ritsgoog_0608.png"; bbox 0 0 2872 4942; ppageno 0'>
   <div class='ocr_carea' id='block_1_1' title="bbox 206 337 974 411">
    <p class='ocr_par' dir='ltr' id='par_1_1' title="bbox 206 337 974 411">
     <span class='ocr_line' id='line_1_1' title="bbox 206 337 974 411; baseline -0.004 -3"><span class='ocrx_word' id='word_1_1' title='bbox 206 337 277 411; x_wconf 84' lang='lat'>560</span> <span class='ocrx_word' id='word_1_2' title='bbox 524 365 564 404; x_wconf 80' lang='lat' dir='ltr'>tx.</span> <span class='ocrx_word' id='word_1_3' title='bbox 617 364 658 404; x_wconf 81' lang='lat' dir='ltr'>uu</span> <span class='ocrx_word' id='word_1_4' title='bbox 683 363 974 407; x_wconf 77' lang='lat' dir='ltr'>tuseuaotsatoue</span> 
     </span>
    </p>
   </div>
   <div class='ocr_carea' id='block_1_2' title="bbox 206 535 1292 746">
    <p class='ocr_par' dir='ltr' id='par_1_2' title="bbox 206 535 1292 746">
     <span class='ocr_line' id='line_1_2' title="bbox 206 535 629 626; baseline 0 -26"><span class='ocrx_word' id='word_1_5' title='bbox 206 552 346 626; x_wconf 78' lang='lat' dir='ltr'>repente</span> <span class='ocrx_word' id='word_1_6' title='bbox 370 535 478 600; x_wconf 78' lang='lat' dir='ltr'>anitno</span> <span class='ocrx_word' id='word_1_7' title='bbox 506 552 629 600; x_wconf 86' lang='lat' dir='ltr'>mutato</span> 
     </span>
     <span class='ocr_line' id='line_1_3' title="bbox 236 648 1292 746; baseline 0.007 -32"><span class='ocrx_word' id='word_1_8' title='bbox 236 688 248 711; x_wconf 78' lang='lat'>-·.</span> <span class='ocrx_word' id='word_1_9' title='bbox 303 648 415 715; x_wconf 83' lang='lat' dir='ltr'><em>Credo</em></span> <span class='ocrx_word' id='word_1_10' title='bbox 443 651 485 715; x_wconf 83' lang='lat' dir='ltr'>ait</span> <span class='ocrx_word' id='word_1_11' title='bbox 512 655 627 715; x_wconf 83' lang='lat' dir='ltr'>omnio</span> <span class='ocrx_word' id='word_1_12' title='bbox 653 655 780 724; x_wconf 74' lang='lat' dir='ltr'>istaec,</span> <span class='ocrx_word' id='word_1_13' title='bbox 805 655 837 716; x_wconf 87' lang='lat' dir='ltr'>si</span> <span class='ocrx_word' id='word_1_14' title='bbox 861 655 944 716; x_wconf 82' lang='lat' dir='ltr'><em>itast</em></span> <span class='ocrx_word' id='word_1_15' title='bbox 976 669 1015 716; x_wconf 83' lang='lat' dir='ltr'>ut</span> <span class='ocrx_word' id='word_1_16' title='bbox 1039 669 1077 718; x_wconf 85' lang='lat' dir='ltr'>to</span> <span class='ocrx_word' id='word_1_17' title='bbox 1103 654 1292 746; x_wconf 77' lang='lat' dir='ltr'>praedicas,</span> 
     </span>
    </p>
   </div>
   <div class='ocr_carea' id='block_1_3' title="bbox 129 781 1294 2584">
    <p class='ocr_par' dir='ltr' id='par_1_3' title="bbox 198 781 1294 1800">
     <span class='ocr_line' id='line_1_4' title="bbox 208 781 1294 876; baseline 0.003 -26"><span class='ocrx_word' id='word_1_18' title='bbox 208 802 241 850; x_wconf 89' lang='lat' dir='ltr'>et</span> <span class='ocrx_word' id='word_1_19' title='bbox 266 783 361 848; x_wconf 89' lang='lat' dir='ltr'>amici</span> <span class='ocrx_word' id='word_1_20' title='bbox 387 782 453 846; x_wconf 80' lang='lat' dir='ltr'>fide</span> <span class='ocrx_word' id='word_1_21' title='bbox 479 781 620 848; x_wconf 85' lang='lat' dir='ltr'>firmiter</span> <span class='ocrx_word' id='word_1_22' title='bbox 646 784 709 847; x_wconf 91' lang='lat' dir='ltr'>sibi</span> <span class='ocrx_word' id='word_1_23' title='bbox 727 807 883 874; x_wconf 87' lang='lat' dir='ltr'>persuasa</span> <span class='ocrx_word' id='word_1_24' title='bbox 909 785 942 848; x_wconf 88' lang='lat' dir='ltr'>in</span> <span class='ocrx_word' id='word_1_25' title='bbox 966 786 1111 876; x_wconf 75' lang='lat' dir='ltr'>gratiam</span> <span class='ocrx_word' id='word_1_26' title='bbox 1133 792 1209 852; x_wconf 84' lang='lat' dir='ltr'>cuin</span> <span class='ocrx_word' id='word_1_27' title='bbox 1226 787 1294 852; x_wconf 87' lang='lat' dir='ltr'>Cal-</span> 
     </span>
     <span class='ocr_line' id='line_1_5' title="bbox 203 898 1292 992; baseline 0.004 -27"><span class='ocrx_word' id='word_1_28' title='bbox 203 899 281 965; x_wconf 82' lang='lat' dir='ltr'>licle</span> <span class='ocrx_word' id='word_1_29' title='bbox 308 898 416 964; x_wconf 81' lang='lat' dir='ltr'>rediit.</span> <span class='ocrx_word' id='word_1_30' title='bbox 467 899 534 965; x_wconf 86' lang='lat' dir='ltr'>Aut</span> <span class='ocrx_word' id='word_1_31' title='bbox 558 900 666 990; x_wconf 85' lang='lat' dir='ltr'>igitur,</span> <span class='ocrx_word' id='word_1_32' title='bbox 694 924 791 992; x_wconf 86' lang='lat' dir='ltr'>quam</span> <span class='ocrx_word' id='word_1_33' title='bbox 818 898 926 964; x_wconf 85' lang='lat' dir='ltr'>fidelis</span> <span class='ocrx_word' id='word_1_34' title='bbox 950 898 1009 964; x_wconf 89' lang='lat' dir='ltr'>ille</span> <span class='ocrx_word' id='word_1_35' title='bbox 1036 901 1157 982; x_wconf 84' lang='lat' dir='ltr'>fuerit,</span> <span class='ocrx_word' id='word_1_36' title='bbox 1183 922 1292 969; x_wconf 83' lang='lat' dir='ltr'>neutro</span> 
     </span>
     <span class='ocr_line' id='line_1_6' title="bbox 203 1015 1292 1112; baseline 0.005 -32"><span class='ocrx_word' id='word_1_37' title='bbox 203 1016 277 1083; x_wconf 91' lang='lat' dir='ltr'>loco</span> <span class='ocrx_word' id='word_1_38' title='bbox 305 1015 381 1080; x_wconf 88' lang='lat' dir='ltr'>sciri</span> <span class='ocrx_word' id='word_1_39' title='bbox 411 1032 520 1106; x_wconf 86' lang='lat' dir='ltr'>potest</span> <span class='ocrx_word' id='word_1_40' title='bbox 547 1032 601 1078; x_wconf 86' lang='lat' dir='ltr'>aut</span> <span class='ocrx_word' id='word_1_41' title='bbox 623 1032 788 1106; x_wconf 84' lang='lat' dir='ltr'>utroque:</span> <span class='ocrx_word' id='word_1_42' title='bbox 818 1033 853 1080; x_wconf 89' lang='lat' dir='ltr'>ut</span> <span class='ocrx_word' id='word_1_43' title='bbox 879 1036 1023 1097; x_wconf 84' lang='lat' dir='ltr'>corruat,</span> <span class='ocrx_word' id='word_1_44' title='bbox 1052 1021 1221 1109; x_wconf 88' lang='lat' dir='ltr'>quaeuni</span> <span class='ocrx_word' id='word_1_45' title='bbox 1238 1045 1292 1112; x_wconf 88' lang='lat' dir='ltr'>po·</span> 
     </span>
     <span class='ocr_line' id='line_1_7' title="bbox 203 1129 1292 1221; baseline 0.002 -25"><span class='ocrx_word' id='word_1_46' title='bbox 203 1132 332 1197; x_wconf 84' lang='lat' dir='ltr'>ste1·i01·i</span> <span class='ocrx_word' id='word_1_47' title='bbox 372 1129 519 1194; x_wconf 88' lang='lat' dir='ltr'>adhibita</span> <span class='ocrx_word' id='word_1_48' title='bbox 546 1132 587 1194; x_wconf 92' lang='lat' dir='ltr'>sit</span> <span class='ocrx_word' id='word_1_49' title='bbox 615 1132 864 1221; x_wconf 81' lang='lat' dir='ltr'><strong>argumentatio.</strong></span> <span class='ocrx_word' id='word_1_50' title='bbox 922 1132 1237 1201; x_wconf 75' lang='lat' dir='ltr'>verumenimvero</span> <span class='ocrx_word' id='word_1_51' title='bbox 1261 1136 1292 1213; x_wconf 88' lang='lat' dir='ltr'>si,</span> 
     </span>
     <span class='ocr_line' id='line_1_8' title="bbox 202 1246 1292 1339; baseline 0.003 -28"><span class='ocrx_word' id='word_1_52' title='bbox 202 1247 284 1338; x_wconf 88' lang='lat' dir='ltr'>quid</span> <span class='ocrx_word' id='word_1_53' title='bbox 311 1272 363 1311; x_wconf 79' lang='lat' dir='ltr'>res</span> <span class='ocrx_word' id='word_1_54' title='bbox 391 1248 461 1337; x_wconf 91' lang='lat' dir='ltr'>ipsa</span> <span class='ocrx_word' id='word_1_55' title='bbox 487 1246 619 1320; x_wconf 86' lang='lat' dir='ltr'>iubeat,</span> <span class='ocrx_word' id='word_1_56' title='bbox 647 1247 851 1336; x_wconf 80' lang='lat' dir='ltr'>quaerimus,</span> <span class='ocrx_word' id='word_1_57' title='bbox 879 1271 946 1312; x_wconf 89' lang='lat' dir='ltr'>non</span> <span class='ocrx_word' id='word_1_58' title='bbox 979 1265 1094 1339; x_wconf 88' lang='lat' dir='ltr'>potest</span> <span class='ocrx_word' id='word_1_59' title='bbox 1122 1276 1199 1315; x_wconf 84' lang='lat' dir='ltr'>mea</span> <span class='ocrx_word' id='word_1_60' title='bbox 1225 1277 1292 1316; x_wconf 90' lang='lat' dir='ltr'>sen-</span> 
     </span>
     <span class='ocr_line' id='line_1_9' title="bbox 203 1360 1289 1454; baseline 0.002 -26"><span class='ocrx_word' id='word_1_61' title='bbox 203 1363 301 1428; x_wconf 87' lang='lat' dir='ltr'>tentia</span> <span class='ocrx_word' id='word_1_62' title='bbox 329 1360 397 1426; x_wconf 90' lang='lat' dir='ltr'>ullo</span> <span class='ocrx_word' id='word_1_63' title='bbox 427 1379 525 1452; x_wconf 90' lang='lat' dir='ltr'>pacto</span> <span class='ocrx_word' id='word_1_64' title='bbox 560 1360 699 1425; x_wconf 89' lang='lat' dir='ltr'>dubium</span> <span class='ocrx_word' id='word_1_65' title='bbox 727 1387 815 1441; x_wconf 89' lang='lat' dir='ltr'>esse,</span> <span class='ocrx_word' id='word_1_66' title='bbox 853 1362 934 1454; x_wconf 88' lang='lat' dir='ltr'>quin</span> <span class='ocrx_word' id='word_1_67' title='bbox 954 1360 1041 1427; x_wconf 90' lang='lat' dir='ltr'>illud</span> <span class='ocrx_word' id='word_1_68' title='bbox 1065 1385 1195 1432; x_wconf 81' lang='lat' dir='ltr'>neutro</span> <span class='ocrx_word' id='word_1_69' title='bbox 1221 1363 1289 1431; x_wconf 90' lang='lat' dir='ltr'>loco</span> 
     </span>
     <span class='ocr_line' id='line_1_10' title="bbox 202 1477 1290 1571; baseline 0.004 -30"><span class='ocrx_word' id='word_1_70' title='bbox 202 1479 278 1543; x_wconf 85' lang='lat' dir='ltr'>sciri</span> <span class='ocrx_word' id='word_1_71' title='bbox 306 1494 422 1569; x_wconf 88' lang='lat' dir='ltr'>queat,</span> <span class='ocrx_word' id='word_1_72' title='bbox 449 1477 634 1567; x_wconf 78' lang='lat' dir='ltr'>meritoque</span> <span class='ocrx_word' id='word_1_73' title='bbox 662 1479 694 1540; x_wconf 89' lang='lat' dir='ltr'>in</span> <span class='ocrx_word' id='word_1_74' title='bbox 722 1479 804 1541; x_wconf 81' lang='lat' dir='ltr'>mira</span> <span class='ocrx_word' id='word_1_75' title='bbox 829 1477 885 1542; x_wconf 90' lang='lat' dir='ltr'>illa</span> <span class='ocrx_word' id='word_1_76' title='bbox 912 1477 1033 1543; x_wconf 85' lang='lat' dir='ltr'>fiducia</span> <span class='ocrx_word' id='word_1_77' title='bbox 1060 1482 1290 1571; x_wconf 88' lang='lat' dir='ltr'>suspicacissi-</span> 
     </span>
     <span class='ocr_line' id='line_1_11' title="bbox 198 1574 1288 1685; baseline 0.004 -28"><span class='ocrx_word' id='word_1_78' title='bbox 198 1574 273 1658; x_wconf 42' lang='lat' dir='ltr'>&#39;mae</span> <span class='ocrx_word' id='word_1_79' title='bbox 309 1591 512 1658; x_wconf 77' lang='lat' dir='ltr'>diffidentiae</span> <span class='ocrx_word' id='word_1_80' title='bbox 549 1591 734 1685; x_wconf 86' lang='lat' dir='ltr'>pedisequa</span> <span class='ocrx_word' id='word_1_81' title='bbox 771 1594 950 1660; x_wconf 85' lang='lat' dir='ltr'>Grauertus</span> <span class='ocrx_word' id='word_1_82' title='bbox 985 1594 1150 1661; x_wconf 83' lang='lat' dir='ltr'><strong>haeserit.</strong></span> <span class='ocrx_word' id='word_1_83' title='bbox 1204 1599 1288 1679; x_wconf 86' lang='lat' dir='ltr'>Quae</span> 
     </span>
     <span class='ocr_line' id='line_1_12' title="bbox 201 1707 1287 1800; baseline 0.006 -28"><span class='ocrx_word' id='word_1_84' title='bbox 201 1712 287 1774; x_wconf 85' lang='lat' dir='ltr'>enim</span> <span class='ocrx_word' id='word_1_85' title='bbox 311 1707 448 1774; x_wconf 91' lang='lat' dir='ltr'>tandem</span> <span class='ocrx_word' id='word_1_86' title='bbox 474 1725 550 1772; x_wconf 90' lang='lat' dir='ltr'>sunt</span> <span class='ocrx_word' id='word_1_87' title='bbox 575 1711 690 1772; x_wconf 85' lang='lat' dir='ltr'>omnia</span> <span class='ocrx_word' id='word_1_88' title='bbox 704 1711 819 1785; x_wconf 88' lang='lat' dir='ltr'>istaec,</span> <span class='ocrx_word' id='word_1_89' title='bbox 847 1734 932 1800; x_wconf 89' lang='lat' dir='ltr'>quae</span> <span class='ocrx_word' id='word_1_90' title='bbox 956 1735 990 1775; x_wconf 89' lang='lat' dir='ltr'>se</span> <span class='ocrx_word' id='word_1_91' title='bbox 1009 1710 1163 1777; x_wconf 82' lang='lat' dir='ltr'>credere</span> <span class='ocrx_word' id='word_1_92' title='bbox 1187 1713 1287 1778; x_wconf 82' lang='lat' dir='ltr'>Char-</span> 
     </span>
    </p>

    <p class='ocr_par' dir='ltr' id='par_1_4' title="bbox 129 1820 1289 2584">
     <span class='ocr_line' id='line_1_13' title="bbox 129 1820 1288 1914; baseline 0.002 -26"><span class='ocrx_word' id='word_1_93' title='bbox 129 1848 139 1871; x_wconf 69' lang='lat'><strong>·</strong></span> <span class='ocrx_word' id='word_1_94' title='bbox 200 1823 309 1889; x_wconf 86' lang='lat' dir='ltr'>mides</span> <span class='ocrx_word' id='word_1_95' title='bbox 335 1822 494 1888; x_wconf 79' lang='lat' dir='ltr'>affirmat?</span> <span class='ocrx_word' id='word_1_96' title='bbox 534 1820 669 1914; x_wconf 90' lang='lat' dir='ltr'>quando</span> <span class='ocrx_word' id='word_1_97' title='bbox 704 1822 787 1888; x_wconf 86' lang='lat' dir='ltr'>nibil</span> <span class='ocrx_word' id='word_1_98' title='bbox 815 1822 974 1890; x_wconf 81' lang='lat' dir='ltr'>Callicles</span> <span class='ocrx_word' id='word_1_99' title='bbox 1005 1825 1070 1890; x_wconf 88' lang='lat' dir='ltr'>nisi</span> <span class='ocrx_word' id='word_1_100' title='bbox 1097 1826 1169 1893; x_wconf 92' lang='lat' dir='ltr'>hoc</span> <span class='ocrx_word' id='word_1_101' title='bbox 1192 1832 1288 1892; x_wconf 85' lang='lat' dir='ltr'>unum</span> 
     </span>
     <span class='ocr_line' id='line_1_14' title="bbox 201 1936 1289 2032; baseline 0.002 -28"><span class='ocrx_word' id='word_1_102' title='bbox 201 1939 304 2018; x_wconf 67' lang='lat' dir='ltr'>dixit,</span> <span class='ocrx_word' id='word_1_103' title='bbox 339 1938 444 2003; x_wconf 87' lang='lat' dir='ltr'>fidum</span> <span class='ocrx_word' id='word_1_104' title='bbox 468 1963 503 2003; x_wconf 89' lang='lat' dir='ltr'>se</span> <span class='ocrx_word' id='word_1_105' title='bbox 530 1962 622 2017; x_wconf 87' lang='lat' dir='ltr'>esse,</span> <span class='ocrx_word' id='word_1_106' title='bbox 654 1936 691 2003; x_wconf 91' lang='lat' dir='ltr'>id</span> <span class='ocrx_word' id='word_1_107' title='bbox 717 1957 824 2005; x_wconf 89' lang='lat' dir='ltr'>autem</span> <span class='ocrx_word' id='word_1_108' title='bbox 850 1962 893 2004; x_wconf 88' lang='lat' dir='ltr'>ne</span> <span class='ocrx_word' id='word_1_109' title='bbox 918 1963 985 2005; x_wconf 89' lang='lat' dir='ltr'>uno</span> <span class='ocrx_word' id='word_1_110' title='bbox 1012 1939 1162 2032; x_wconf 87' lang='lat' dir='ltr'>quidem</span> <span class='ocrx_word' id='word_1_111' title='bbox 1189 1942 1289 2008; x_wconf 85' lang='lat' dir='ltr'>verb&#39;o</span> 
     </span>
     <span class='ocr_line' id='line_1_15' title="bbox 197 2052 1288 2146; baseline 0.001 -26"><span class='ocrx_word' id='word_1_112' title='bbox 197 2055 252 2121; x_wconf 87' lang='lat' dir='ltr'>vel</span> <span class='ocrx_word' id='word_1_113' title='bbox 280 2053 456 2146; x_wconf 84' lang='lat' dir='ltr'>explicavit</span> <span class='ocrx_word' id='word_1_114' title='bbox 481 2052 531 2117; x_wconf 89' lang='lat' dir='ltr'>vel</span> <span class='ocrx_word' id='word_1_115' title='bbox 560 2055 797 2144; x_wconf 81' lang='lat' dir='ltr'><strong>comprobavit.</strong></span> <span class='ocrx_word' id='word_1_116' title='bbox 862 2055 951 2146; x_wconf 84' lang='lat' dir='ltr'><strong>Ergo</strong></span> <span class='ocrx_word' id='word_1_117' title='bbox 984 2055 1180 2123; x_wconf 66' lang='lat' dir='ltr'>Grauestus</span> <span class='ocrx_word' id='word_1_118' title='bbox 1218 2082 1288 2124; x_wconf 89' lang='lat' dir='ltr'>cum</span> 
     </span>
     <span class='ocr_line' id='line_1_16' title="bbox 199 2167 1289 2263; baseline 0 -27"><span class='ocrx_word' id='word_1_119' title='bbox 199 2172 289 2263; x_wconf 79' lang='lat' dir='ltr'>gravi</span> <span class='ocrx_word' id='word_1_120' title='bbox 313 2167 432 2235; x_wconf 86' lang='lat' dir='ltr'>lacuna</span> <span class='ocrx_word' id='word_1_121' title='bbox 458 2193 576 2234; x_wconf 84' lang='lat' dir='ltr'>scenae</span> <span class='ocrx_word' id='word_1_122' title='bbox 600 2169 731 2234; x_wconf 90' lang='lat' dir='ltr'>initium</span> <span class='ocrx_word' id='word_1_123' title='bbox 764 2169 997 2237; x_wconf 86' lang='lat' dir='ltr'>detruncatum</span> <span class='ocrx_word' id='word_1_124' title='bbox 1027 2175 1188 2262; x_wconf 85' lang='lat' dir='ltr'>putavit,</span> <span class='ocrx_word' id='word_1_125' title='bbox 1222 2196 1289 2238; x_wconf 87' lang='lat' dir='ltr'>rem</span> 
     </span>
     <span class='ocr_line' id='line_1_17' title="bbox 199 2285 1288 2381; baseline 0.002 -30"><span class='ocrx_word' id='word_1_126' title='bbox 199 2285 289 2380; x_wconf 86' lang='lat' dir='ltr'>quod</span> <span class='ocrx_word' id='word_1_127' title='bbox 317 2286 407 2350; x_wconf 87' lang='lat' dir='ltr'>aiunt</span> <span class='ocrx_word' id='word_1_128' title='bbox 433 2311 493 2351; x_wconf 86' lang='lat' dir='ltr'>acu</span> <span class='ocrx_word' id='word_1_129' title='bbox 520 2287 635 2377; x_wconf 89' lang='lat' dir='ltr'>tetigit.</span> <span class='ocrx_word' id='word_1_130' title='bbox 686 2288 759 2352; x_wconf 89' lang='lat' dir='ltr'>Nec</span> <span class='ocrx_word' id='word_1_131' title='bbox 786 2312 851 2378; x_wconf 84' lang='lat' dir='ltr'>per</span> <span class='ocrx_word' id='word_1_132' title='bbox 876 2311 910 2352; x_wconf 90' lang='lat' dir='ltr'>se</span> <span class='ocrx_word' id='word_1_133' title='bbox 934 2286 1186 2378; x_wconf 83' lang='lat' dir='ltr'>improbabiles</span> <span class='ocrx_word' id='word_1_134' title='bbox 1214 2312 1288 2381; x_wconf 81' lang='lat' dir='ltr'>pro·</span> 
     </span>
     <span class='ocr_line' id='line_1_18' title="bbox 198 2392 1285 2494; baseline 0.001 -28"><span class='ocrx_word' id='word_1_135' title='bbox 198 2402 325 2494; x_wconf 86' lang='lat' dir='ltr'>posuit,</span> <span class='ocrx_word' id='word_1_136' title='bbox 366 2424 530 2492; x_wconf 85' lang='lat' dir='ltr'>quorem</span> <span class='ocrx_word' id='word_1_137' title='bbox 566 2400 720 2492; x_wconf 82' lang='lat' dir='ltr'>exemplo</span> <span class='ocrx_word' id='word_1_138' title='bbox 749 2399 952 2482; x_wconf 81' lang='lat' dir='ltr'>declararet,</span> <span class='ocrx_word' id='word_1_139' title='bbox 990 2427 1069 2466; x_wconf 87' lang='lat' dir='ltr'>ase</span> <span class='ocrx_word' id='word_1_140' title='bbox 1096 2392 1208 2471; x_wconf 75' lang='lat' dir='ltr'>sacius</span> <span class='ocrx_word' id='word_1_141' title='bbox 1233 2404 1285 2469; x_wconf 89' lang='lat' dir='ltr'>hos</span> 
     </span>
     <span class='ocr_line' id='line_1_19' title="bbox 199 2515 398 2584; baseline -0.01 -1"><span class='ocrx_word' id='word_1_142' title='bbox 199 2515 398 2584; x_wconf 79' lang='lat' dir='ltr'>versiculos:</span> 
     </span>
    </p>
   </div>
   <div class='ocr_carea' id='block_1_4' title="bbox 294 2634 1321 2750">
    <p class='ocr_par' dir='ltr' id='par_1_5' title="bbox 294 2634 1321 2750">
     <span class='ocr_line' id='line_1_20' title="bbox 294 2634 1321 2750; baseline 0.005 -28"><span class='ocrx_word' id='word_1_143' title='bbox 294 2655 410 2722; x_wconf 76' lang='lat' dir='ltr'><strong>Proto</strong></span> <span class='ocrx_word' id='word_1_144' title='bbox 438 2674 471 2720; x_wconf 91' lang='lat' dir='ltr'>et</span> <span class='ocrx_word' id='word_1_145' title='bbox 489 2656 596 2749; x_wconf 78' lang='lat' dir='ltr'>fideli</span> <span class='ocrx_word' id='word_1_146' title='bbox 621 2673 654 2721; x_wconf 86' lang='lat' dir='ltr'>et</span> <span class='ocrx_word' id='word_1_147' title='bbox 668 2656 749 2750; x_wconf 80' lang='lat' dir='ltr'>fido</span> <span class='ocrx_word' id='word_1_148' title='bbox 774 2654 905 2727; x_wconf 61' lang='lat' dir='ltr'>estam</span> <span class='ocrx_word' id='word_1_149' title='bbox 930 2682 1060 2748; x_wconf 74' lang='lat' dir='ltr'>magna</span> <span class='ocrx_word' id='word_1_150' title='bbox 1076 2659 1176 2750; x_wconf 85' lang='lat' dir='ltr'>fide.</span> <span class='ocrx_word' id='word_1_151' title='bbox 1299 2634 1321 2693; x_wconf 52' lang='grc' dir='ltr'><strong><em>ἰ</em></strong></span> 
     </span>
    </p>
   </div>
   <div class='ocr_carea' id='block_1_5' title="bbox 294 2752 1282 3184">
    <p class='ocr_par' dir='ltr' id='par_1_6' title="bbox 295 2752 1210 2860">
     <span class='ocr_line' id='line_1_21' title="bbox 295 2752 1210 2860; baseline 0.003 -22"><span class='ocrx_word' id='word_1_152' title='bbox 295 2770 343 2838; x_wconf 82' lang='lat' dir='ltr'>Id</span> <span class='ocrx_word' id='word_1_153' title='bbox 368 2775 417 2835; x_wconf 83' lang='lat' dir='ltr'>ito</span> <span class='ocrx_word' id='word_1_154' title='bbox 445 2796 516 2836; x_wconf 86' lang='lat' dir='ltr'>esse</span> <span class='ocrx_word' id='word_1_155' title='bbox 541 2789 577 2837; x_wconf 85' lang='lat' dir='ltr'>at</span> <span class='ocrx_word' id='word_1_156' title='bbox 601 2771 741 2847; x_wconf 77' lang='lat' dir='ltr'>credas,</span> <span class='ocrx_word' id='word_1_157' title='bbox 770 2752 879 2837; x_wconf 70' lang='lat' dir='ltr'>veihis</span> <span class='ocrx_word' id='word_1_158' title='bbox 903 2771 1009 2837; x_wconf 83' lang='lat' dir='ltr'>tribus</span> <span class='ocrx_word' id='word_1_159' title='bbox 1036 2772 1210 2860; x_wconf 59' lang='lat' dir='ltr'>ffecero:</span> 
     </span>
    </p>

    <p class='ocr_par' dir='ltr' id='par_1_7' title="bbox 294 2887 1219 2982">
     <span class='ocr_line' id='line_1_22' title="bbox 294 2887 1219 2982; baseline 0.01 -32"><span class='ocrx_word' id='word_1_160' title='bbox 294 2889 383 2954; x_wconf 84' lang='lat' dir='ltr'>Nam</span> <span class='ocrx_word' id='word_1_161' title='bbox 408 2905 554 2952; x_wconf 84' lang='lat' dir='ltr'>mentem</span> <span class='ocrx_word' id='word_1_162' title='bbox 580 2892 648 2952; x_wconf 82' lang='lat' dir='ltr'>iam</span> <span class='ocrx_word' id='word_1_163' title='bbox 674 2887 737 2953; x_wconf 76' lang='lat' dir='ltr'>tibi</span> <span class='ocrx_word' id='word_1_164' title='bbox 760 2887 843 2982; x_wconf 82' lang='lat' dir='ltr'>quid</span> <span class='ocrx_word' id='word_1_165' title='bbox 863 2888 1020 2968; x_wconf 76' lang='lat' dir='ltr'>turbarit,</span> <span class='ocrx_word' id='word_1_166' title='bbox 1045 2896 1219 2982; x_wconf 82' lang='lat' dir='ltr'>suspicor.</span> 
     </span>
    </p>

    <p class='ocr_par' dir='ltr' id='par_1_8' title="bbox 294 3002 1282 3184">
     <span class='ocr_line' id='line_1_23' title="bbox 294 3002 1282 3100; baseline 0.007 -35"><span class='ocrx_word' id='word_1_167' title='bbox 294 3002 373 3066; x_wconf 87' lang='lat' dir='ltr'>Emi</span> <span class='ocrx_word' id='word_1_168' title='bbox 396 3020 530 3092; x_wconf 75' lang='lat' dir='ltr'>egomet</span> <span class='ocrx_word' id='word_1_169' title='bbox 565 3003 690 3078; x_wconf 85' lang='lat' dir='ltr'>aedes,</span> <span class='ocrx_word' id='word_1_170' title='bbox 726 3020 783 3078; x_wconf 83' lang='lat' dir='ltr'>ot,</span> <span class='ocrx_word' id='word_1_171' title='bbox 818 3027 915 3100; x_wconf 78' lang='lat' dir='ltr'>qoem</span> <span class='ocrx_word' id='word_1_172' title='bbox 941 3020 977 3068; x_wconf 85' lang='lat' dir='ltr'>tu</span> <span class='ocrx_word' id='word_1_173' title='bbox 1012 3003 1095 3068; x_wconf 88' lang='lat' dir='ltr'>olim</span> <span class='ocrx_word' id='word_1_174' title='bbox 1133 3007 1282 3074; x_wconf 81' lang='lat' dir='ltr'>abiturus</span> 
     </span>
     <span class='ocr_line' id='line_1_24' title="bbox 785 3119 864 3184; baseline 0 -1"><span class='ocrx_word' id='word_1_175' title='bbox 785 3119 864 3184; x_wconf 76' lang='lat' dir='ltr'>ltine</span> 
     </span>
    </p>
   </div>
   <div class='ocr_carea' id='block_1_6' title="bbox 298 3212 1121 3327">
    <p class='ocr_par' dir='ltr' id='par_1_9' title="bbox 298 3212 1121 3327">
     <span class='ocr_line' id='line_1_25' title="bbox 298 3212 1121 3327; baseline 0.002 -28"><span class='ocrx_word' id='word_1_176' title='bbox 298 3233 506 3299; x_wconf 76' lang='lat' dir='ltr'>Thesaurum</span> <span class='ocrx_word' id='word_1_177' title='bbox 532 3234 579 3300; x_wconf 82' lang='lat' dir='ltr'>ibi</span> <span class='ocrx_word' id='word_1_178' title='bbox 603 3233 825 3310; x_wconf 77' lang='lat' dir='ltr'>abscondisti,</span> <span class='ocrx_word' id='word_1_179' title='bbox 848 3212 1020 3327; x_wconf 68' lang='lat' dir='ltr'>servarem</span> <span class='ocrx_word' id='word_1_180' title='bbox 1044 3234 1121 3301; x_wconf 81' lang='lat' dir='ltr'><strong>tibi.</strong></span> 
     </span>
    </p>
   </div>
   <div class='ocr_carea' id='block_1_7' title="bbox 199 3312 1279 3465">
    <p class='ocr_par' dir='ltr' id='par_1_10' title="bbox 199 3312 1279 3465">
     <span class='ocr_line' id='line_1_26' title="bbox 199 3312 1279 3465; baseline 0.002 -26"><span class='ocrx_word' id='word_1_181' title='bbox 199 3373 265 3440; x_wconf 83' lang='lat' dir='ltr'>Sed</span> <span class='ocrx_word' id='word_1_182' title='bbox 295 3375 353 3438; x_wconf 91' lang='lat' dir='ltr'>hos</span> <span class='ocrx_word' id='word_1_183' title='bbox 382 3398 492 3438; x_wconf 88' lang='lat' dir='ltr'>versus</span> <span class='ocrx_word' id='word_1_184' title='bbox 519 3373 611 3465; x_wconf 83' lang='lat' dir='ltr'>quod</span> <span class='ocrx_word' id='word_1_185' title='bbox 639 3376 747 3465; x_wconf 87' lang='lat' dir='ltr'>excipi</span> <span class='ocrx_word' id='word_1_186' title='bbox 772 3376 813 3440; x_wconf 90' lang='lat' dir='ltr'>ab</span> <span class='ocrx_word' id='word_1_187' title='bbox 848 3374 905 3439; x_wconf 93' lang='lat' dir='ltr'>illo</span> <span class='ocrx_word' id='word_1_188' title='bbox 938 3312 1061 3454; x_wconf 44' lang='lat' dir='ltr'>vilicis,</span> <span class='ocrx_word' id='word_1_189' title='bbox 1096 3374 1224 3445; x_wconf 88' lang='lat' dir='ltr'>leviter</span> <span class='ocrx_word' id='word_1_190' title='bbox 1245 3379 1279 3444; x_wconf 86' lang='lat' dir='ltr'>ab</span> 
     </span>
    </p>
   </div>
   <div class='ocr_carea' id='block_1_8' title="bbox 194 3492 1277 4211">
    <p class='ocr_par' dir='ltr' id='par_1_11' title="bbox 198 3492 1180 3589">
     <span class='ocr_line' id='line_1_27' title="bbox 198 3492 1180 3589; baseline -0.001 -35"><span class='ocrx_word' id='word_1_191' title='bbox 198 3492 291 3555; x_wconf 87' lang='lat' dir='ltr'>initio</span> <span class='ocrx_word' id='word_1_192' title='bbox 320 3507 456 3562; x_wconf 86' lang='lat' dir='ltr'>mutato,</span> <span class='ocrx_word' id='word_1_193' title='bbox 916 3554 919 3558; x_wconf 78' lang='grc'><em>,</em></span> <span class='ocrx_word' id='word_1_194' title='bbox 1111 3506 1180 3589; x_wconf 47' lang='lat'>2¹⁴⁸!</span> 
     </span>
    </p>

    <p class='ocr_par' dir='ltr' id='par_1_12' title="bbox 295 3600 1208 3720">
     <span class='ocr_line' id='line_1_28' title="bbox 295 3600 1208 3720; baseline 0.002 -24"><span class='ocrx_word' id='word_1_195' title='bbox 295 3630 323 3697; x_wconf 89' lang='lat' dir='ltr'><em>S</em></span> <span class='ocrx_word' id='word_1_196' title='bbox 332 3628 384 3694; x_wconf 80' lang='lat' dir='ltr'>ed</span> <span class='ocrx_word' id='word_1_197' title='bbox 407 3629 498 3693; x_wconf 82' lang='lat' dir='ltr'>salve</span> <span class='ocrx_word' id='word_1_198' title='bbox 522 3646 555 3693; x_wconf 88' lang='lat' dir='ltr'>et</span> <span class='ocrx_word' id='word_1_199' title='bbox 580 3629 708 3694; x_wconf 75' lang='lat' dir='ltr'>salvom</span> <span class='ocrx_word' id='word_1_200' title='bbox 734 3646 767 3693; x_wconf 90' lang='lat' dir='ltr'>te</span> <span class='ocrx_word' id='word_1_201' title='bbox 793 3629 973 3695; x_wconf 69' lang='lat' dir='ltr'>aduenisse</span> <span class='ocrx_word' id='word_1_202' title='bbox 998 3600 1155 3720; x_wconf 68' lang='lat' dir='ltr'>gciitdeo,¹</span> <span class='ocrx_word' id='word_1_203' title='bbox 1199 3662 1208 3681; x_wconf 42' lang='grc' dir='ltr'><em>θ</em></span> 
     </span>
    </p>

    <p class='ocr_par' dir='ltr' id='par_1_13' title="bbox 194 3722 1277 4211">
     <span class='ocr_line' id='line_1_29' title="bbox 284 3722 1247 3775; baseline 0.002 -2"><span class='ocrx_word' id='word_1_204' title='bbox 284 3768 286 3773; x_wconf 92' lang='grc'><em>.</em></span> <span class='ocrx_word' id='word_1_205' title='bbox 1030 3732 1061 3767; x_wconf 61' lang='lat'>³*</span> <span class='ocrx_word' id='word_1_206' title='bbox 1183 3722 1203 3775; x_wconf 63' lang='grc' dir='ltr'>Ἴ.</span> <span class='ocrx_word' id='word_1_207' title='bbox 1232 3734 1247 3767; x_wconf 89' lang='lat'>-&#39;</span> 
     </span>
     <span class='ocr_line' id='line_1_30' title="bbox 197 3768 1275 3869; baseline 0.001 -35"><span class='ocrx_word' id='word_1_208' title='bbox 197 3769 231 3835; x_wconf 91' lang='lat' dir='ltr'>id</span> <span class='ocrx_word' id='word_1_209' title='bbox 259 3771 397 3862; x_wconf 78' lang='lat' dir='ltr'>probari</span> <span class='ocrx_word' id='word_1_210' title='bbox 422 3771 549 3861; x_wconf 87' lang='lat' dir='ltr'>nequit.</span> <span class='ocrx_word' id='word_1_211' title='bbox 601 3771 701 3836; x_wconf 89' lang='lat' dir='ltr'>Hiant</span> <span class='ocrx_word' id='word_1_212' title='bbox 729 3771 817 3836; x_wconf 86' lang='lat' dir='ltr'>enim</span> <span class='ocrx_word' id='word_1_213' title='bbox 845 3771 926 3836; x_wconf 90' lang='lat' dir='ltr'>haec</span> <span class='ocrx_word' id='word_1_214' title='bbox 954 3768 1275 3869; x_wconf 53' lang='lat' dir='ltr'>nopahediocriter.</span> 
     </span>
     <span class='ocr_line' id='line_1_31' title="bbox 195 3870 1277 3983; baseline -0.003 -32"><span class='ocrx_word' id='word_1_215' title='bbox 195 3886 240 3951; x_wconf 87' lang='lat' dir='ltr'>Vt</span> <span class='ocrx_word' id='word_1_216' title='bbox 262 3885 374 3975; x_wconf 84' lang='lat' dir='ltr'>paucis</span> <span class='ocrx_word' id='word_1_217' title='bbox 403 3883 627 3976; x_wconf 79' lang='lat' dir='ltr'>complectar,</span> <span class='ocrx_word' id='word_1_218' title='bbox 661 3909 728 3951; x_wconf 90' lang='lat' dir='ltr'>non</span> <span class='ocrx_word' id='word_1_219' title='bbox 752 3886 830 3949; x_wconf 85' lang='lat' dir='ltr'>ante</span> <span class='ocrx_word' id='word_1_220' title='bbox 843 3884 950 3983; x_wconf 66' lang='lat' dir='ltr'>-liutici</span> <span class='ocrx_word' id='word_1_221' title='bbox 969 3883 1089 3951; x_wconf 87' lang='lat' dir='ltr'>lacuna</span> <span class='ocrx_word' id='word_1_222' title='bbox 1112 3870 1184 3969; x_wconf 61' lang='lat' dir='ltr'>esf,</span> <span class='ocrx_word' id='word_1_223' title='bbox 1225 3883 1277 3952; x_wconf 88' lang='lat' dir='ltr'>sed</span> 
     </span>
     <span class='ocr_line' id='line_1_32' title="bbox 195 3998 1274 4091; baseline -0.005 -25"><span class='ocrx_word' id='word_1_224' title='bbox 195 4019 270 4091; x_wconf 89' lang='lat' dir='ltr'>post</span> <span class='ocrx_word' id='word_1_225' title='bbox 298 4027 391 4079; x_wconf 75' lang='lat' dir='ltr'>cuns,</span> <span class='ocrx_word' id='word_1_226' title='bbox 425 4027 487 4067; x_wconf 88' lang='lat' dir='ltr'>nec</span> <span class='ocrx_word' id='word_1_227' title='bbox 515 3998 696 4065; x_wconf 86' lang='lat' dir='ltr'>divellendi</span> <span class='ocrx_word' id='word_1_228' title='bbox 724 4019 800 4065; x_wconf 90' lang='lat' dir='ltr'>sunt</span> <span class='ocrx_word' id='word_1_229' title='bbox 821 3998 934 4067; x_wconf 78' lang='lat' dir='ltr'><strong>Probo</strong></span> <span class='ocrx_word' id='word_1_230' title='bbox 960 4017 994 4064; x_wconf 84' lang='lat' dir='ltr'>ct</span> <span class='ocrx_word' id='word_1_231' title='bbox 1015 4000 1116 4085; x_wconf 75' lang='lat' dir='ltr'>fideli</span> <span class='ocrx_word' id='word_1_232' title='bbox 1139 4051 1147 4068; x_wconf 87' lang='lat'><strong>.</strong></span> <span class='ocrx_word' id='word_1_233' title='bbox 1167 4020 1183 4068; x_wconf 89' lang='grc'>·.</span> <span class='ocrx_word' id='word_1_234' title='bbox 1206 4051 1213 4066; x_wconf 92' lang='grc'><strong>.</strong></span> <span class='ocrx_word' id='word_1_235' title='bbox 1239 4048 1274 4069; x_wconf 89' lang='grc'>..</span> 
     </span>
     <span class='ocr_line' id='line_1_33' title="bbox 194 4115 1274 4211; baseline -0.002 -30"><span class='ocrx_word' id='word_1_236' title='bbox 194 4117 240 4181; x_wconf 89' lang='lat' dir='ltr'>Et</span> <span class='ocrx_word' id='word_1_237' title='bbox 265 4116 356 4181; x_wconf 81' lang='lat' dir='ltr'>salve</span> <span class='ocrx_word' id='word_1_238' title='bbox 383 4133 416 4181; x_wconf 88' lang='lat' dir='ltr'>et</span> <span class='ocrx_word' id='word_1_239' title='bbox 443 4165 476 4182; x_wconf 88' lang='lat'>..</span> <span class='ocrx_word' id='word_1_240' title='bbox 501 4167 507 4180; x_wconf 95' lang='lat'>.</span> <span class='ocrx_word' id='word_1_241' title='bbox 537 4165 544 4180; x_wconf 93' lang='lat'><em>.</em></span> <span class='ocrx_word' id='word_1_242' title='bbox 568 4164 575 4181; x_wconf 89' lang='lat'><strong>.</strong></span> <span class='ocrx_word' id='word_1_243' title='bbox 603 4119 697 4196; x_wconf 88' lang='lat' dir='ltr'>Nam,</span> <span class='ocrx_word' id='word_1_244' title='bbox 723 4140 764 4189; x_wconf 82' lang='lat' dir='ltr'>ne</span> <span class='ocrx_word' id='word_1_245' title='bbox 791 4115 871 4211; x_wconf 82' lang='lat' dir='ltr'>quid</span> <span class='ocrx_word' id='word_1_246' title='bbox 900 4142 1003 4195; x_wconf 82' lang='lat' dir='ltr'>erres,</span> <span class='ocrx_word' id='word_1_247' title='bbox 1028 4118 1075 4182; x_wconf 88' lang='lat' dir='ltr'>Et</span> <span class='ocrx_word' id='word_1_248' title='bbox 1102 4116 1191 4183; x_wconf 89' lang='lat' dir='ltr'>illud</span> <span class='ocrx_word' id='word_1_249' title='bbox 1215 4130 1274 4182; x_wconf 83' lang='lat' dir='ltr'>u&#39;ou</span> 
     </span>
    </p>
   </div>
   <div class='ocr_carea' id='block_1_9' title="bbox 194 4231 1270 4439">
    <p class='ocr_par' dir='ltr' id='par_1_14' title="bbox 194 4231 1270 4439">
     <span class='ocr_line' id='line_1_34' title="bbox 194 4231 1270 4324; baseline 0.001 -32"><span class='ocrx_word' id='word_1_250' title='bbox 194 4231 299 4321; x_wconf 81' lang='lat' dir='ltr'>iungit</span> <span class='ocrx_word' id='word_1_251' title='bbox 324 4231 413 4296; x_wconf 90' lang='lat' dir='ltr'>hunc</span> <span class='ocrx_word' id='word_1_252' title='bbox 438 4257 511 4297; x_wconf 87' lang='lat' dir='ltr'>cum</span> <span class='ocrx_word' id='word_1_253' title='bbox 537 4235 650 4324; x_wconf 77' lang='lat' dir='ltr'>priore</span> <span class='ocrx_word' id='word_1_254' title='bbox 678 4257 784 4309; x_wconf 81' lang='lat' dir='ltr'>versu,</span> <span class='ocrx_word' id='word_1_255' title='bbox 810 4231 870 4297; x_wconf 85' lang='lat' dir='ltr'>sed</span> <span class='ocrx_word' id='word_1_256' title='bbox 896 4234 1048 4322; x_wconf 76' lang='lat' dir='ltr'>proximo</span> <span class='ocrx_word' id='word_1_257' title='bbox 1076 4250 1109 4296; x_wconf 84' lang='lat' dir='ltr'>et</span> <span class='ocrx_word' id='word_1_258' title='bbox 1125 4233 1270 4300; x_wconf 83' lang='lat' dir='ltr'>refertur.</span> 
     </span>
     <span class='ocr_line' id='line_1_35' title="bbox 194 4345 1270 4439; baseline 0.004 -33"><span class='ocrx_word' id='word_1_259' title='bbox 194 4345 221 4406; x_wconf 90' lang='lat' dir='ltr'>E</span> <span class='ocrx_word' id='word_1_260' title='bbox 236 4347 355 4436; x_wconf 89' lang='lat' dir='ltr'>quibus</span> <span class='ocrx_word' id='word_1_261' title='bbox 381 4350 607 4439; x_wconf 85' lang='lat' dir='ltr'>consequitur,</span> <span class='ocrx_word' id='word_1_262' title='bbox 636 4367 671 4415; x_wconf 91' lang='lat' dir='ltr'>ut</span> <span class='ocrx_word' id='word_1_263' title='bbox 693 4347 862 4439; x_wconf 86' lang='lat' dir='ltr'>aliquanto</span> <span class='ocrx_word' id='word_1_264' title='bbox 885 4347 970 4438; x_wconf 88' lang='lat' dir='ltr'>plus,</span> <span class='ocrx_word' id='word_1_265' title='bbox 996 4373 1098 4439; x_wconf 73' lang='lat' dir='ltr'>qoam</span> <span class='ocrx_word' id='word_1_266' title='bbox 1114 4348 1270 4416; x_wconf 79' lang='lat' dir='ltr'>Grauerto</span> 
     </span>
    </p>
   </div>
   <div class='ocr_carea' id='block_1_10' title="bbox 0 0 1440 4942">
    <p class='ocr_par' dir='ltr' id='par_1_15' title="bbox 0 0 1440 4942">
     <span class='ocr_line' id='line_1_36' title="bbox 0 0 1440 4942; baseline 0 3"><span class='ocrx_word' id='word_1_267' title='bbox 0 0 1440 4942; x_wconf 95' lang='lat' dir='ltr'> </span> 
     </span>
    </p>
   </div>
  </div>
 </body>
</html>
