2872 4942
172 357 245 445 490
368 384 436 429 vni.
487 383 530 425 ne
557 368 701 426 rvirtro
730 381 900 426 scarsrvrt
928 383 1049 426 oraine

175 557 252 626 Tali
279 548 386 625 autilm
412 559 629 627 inconstantia
655 558 882 652 qaidtmirum
911 559 937 623 si
966 552 1065 626 etiem
1093 556 1176 626 illud
1198 584 1240 626 to-

177 672 268 752 cidit,
296 689 330 738 ut
355 674 473 767 integri
498 680 612 741 versos
637 698 777 765 prorsus
805 674 1062 740 omitterentur?

298 788 385 855 Hinc
410 791 510 880 igitur
535 786 633 855 facile
660 790 922 869 existimabitur,
954 814 1021 882 qua
1060 787 1245 856 confidentia

179 929 288 997 quove
315 906 387 970 iure
414 903 456 970 ad
484 910 619 970 scellam
645 905 789 996 primam
815 923 906 972 actus
932 906 998 985 ΙΙΙ,
1038 907 1073 970 in
1107 897 1245 998 qua'irm

178 1019 380 1113 aliqaaptum
407 1019 666 1127 globoravimus‚
693 1045 784 1086 nunc
811 1022 908 1087 etiam
936 1019 1082 1114 simplici
1107 1043 1247 1088 versuum

178 1136 433 1227 trpnspositione
473 1132 765 1227 redintegrandam
793 1153 828 1202 et
851 1135 879 1201 si
902 1135 975 1202 fieri
1010 1138 1119 1228 possit
1142 1159 1245 1229 persu-

179 1248 323 1317 nandam
354 1248 561 1344 accedamus.
621 1251 670 1318 Aa
704 1252 851 1343 primum
885 1275 951 1318 uno
985 1252 1092 1318 verbo
1133 1272 1247 1328 moneo,

179 1365 364 1435 rectissime
388 1363 579 1431 Acidalium
607 1390 682 1431 eum
707 1390 837 1432 versum
863 1367 923 1458 qui
948 1391 1039 1432 nunc
1060 1365 1246 1459 legiturSl:

328 1479 485 1549 Calidum
509 1481 573 1546 lma
600 1498 668 1547 est:
695 1485 761 1547 etsi
781 1482 904 1573 procul
925 1479 1035 1560 abest,
1061 1487 1132 1549 urit
1156 1480 1247 1547 mala:

182 1623 199 1664 e
226 1597 456 1688 contiguorum
484 1599 645 1664 societate
668 1575 852 1678 exemisse,
879 1599 937 1691 qui
961 1599 997 1663 hi
1023 1615 1118 1664 sunt:

230 1714 277 1783 80
327 1733 393 1782 DA·
423 1713 505 1781 Non
540 1711 661 1806 edepol
690 1736 782 1778 nana
811 1737 862 1778 me
893 1729 930 1779 ta
963 1717 1039 1779 istis
1060 1711 1170 1780 verbis
1189 1727 1244 1778 ter·

462 1885 466 1892 .
768 1831 865 1894 ritas.
1040 1910 1047 1923 Ι

230 1938 277 2007 82
329 1960 389 2009 ΤΗ.
419 1939 524 2040 Quod
548 1943 627 2009 illae
654 1960 705 2008 est
720 1946 857 2030 faenus
879 1942 1039 2020 obsecro,
1072 1943 1165 2036 qaod
1190 1942 1244 2010 illic

770 2060 883 2152 petit?

186 2171 219 2220 et
243 2155 356 2222 versui
385 2154 453 2224 136
480 2157 712 2225 subiunxisse:
803 2198 818 2235 s

335 2271 490 2339 Calidum
527 2274 639 2341 hercle
669 2274 787 2342 audivi
813 2299 886 2341 esse
918 2293 1090 2368 optumam
1126 2271 1246 2343 menda·

776 2394 871 2458 ciam.

185 2500 270 2568 Nam
296 2504 361 2571 hoc
386 2503 493 2572 solum
520 2530 635 2573 sanum
664 2531 751 2586 esse,
778 2509 929 2575 insanum
956 2506 1051 2604 quod
1077 2506 1174 2602 vulgo
1194 2507 1210 2574 f
1234 2545 1247 2560 ·

187 2634 249 2697 tur,
275 2643 330 2684 res
356 2619 429 2713 ipsa
454 2618 613 2713 loquitur.

287 2733 355 2801 Sed
380 2735 457 2828 plus
488 2735 603 2829 paullo
636 2756 712 2830 post
737 2739 905 2805 turbatum
926 2756 975 2805 est
1007 2736 1131 2805 iudea
1157 2765 1183 2806 v.
1203 2735 1249 2814 90,

187 2847 246 2911 ubi
272 2847 353 2915 haee
377 2849 566 2943 vulgantur:

237 2962 285 3032 90
334 2987 394 3034 ΤΗ.
425 2963 520 3065 Quid
543 2967 595 3033 illi
610 2966 777 3033 debetur?
825 2992 878 3038 rit.
905 2967 1044 3036 obsecro
1064 2972 1176 3039 ltercle
1190 2965 1248 3036 iila

329 3079 441 3157 ,Obici
464 3098 649 3174 argentam
671 3083 749 3149 ltaic
774 3082 815 3148 ab
840 3108 878 3150 os
904 3089 1055 3178 impurae
1080 3086 1204 3154 balaae.

335 3220 395 3266 ra.
423 3197 589 3265 Iabeam?
621 3222 674 3269 ra.
702 3199 777 3266 tabe
802 3200 933 3268 homini
955 3219 1166 3294 argenteos
1192 3224 1250 3270 ver-

781 3316 943 3384 berarier.

338 3450 401 3500 DA·
427 3431 605 3518 Perfacile
631 3456 696 3524 ego
723 3435 809 3498 ictas
831 3439 1006 3527 perpetior
1026 3454 1229 3527 argenteos„

213 3612 216 3617 .
287 3584 324 3661 ξ’
342 3568 404 3615 ΤΗ.
444 3543 550 3645 (laad
573 3547 658 3615 illud
681 3549 970 3639 argentamest?
1018 3575 1074 3626 ΤΒ.
1116 3552 1191 3618 Ιιιιίο
1208 3546 1256 3615 de·

299 3656 314 3669 ''
784 3662 840 3730 bet
865 3665 1081 3732 Philolaches

245 3776 291 3845 95
341 3777 497 3850 Paulam.
547 3802 608 3850 TH-
634 3780 861 3871 quantillum?
910 3805 963 3853 ΤΒ.
1002 3787 1101 3876 qaasi
1124 3780 1256 3876 quadra·

786 3901 887 3989 ginta
911 3904 1033 3966 minas.

154 4062 171 4105 t
344 4035 409 4088 ΒΛ.
444 4020 498 4086 Na
525 4043 610 4085 sarie
644 4020 682 4086 id
706 4022 845 4087 nrztltam
876 4047 1037 4100 cerateas,
1077 4014 1258 4116 paalttmid

789 4139 924 4230 quidem
948 4157 1008 4206 est.

349 4271 401 4316 Tit.
428 4246 568 4316 Audin?
596 4252 772 4318 videturne
799 4255 937 4321 obsecro
964 4257 1078 4322 ltercle
1103 4257 1246 4326 idoneas,

353 4366 505 4433 Danista
520 4372 579 4456 qai
589 4370 659 4436 sit?
683 4395 795 4462 genas
811 4371 904 4464 qnod
916 4373 1199 4465 improbissamam
1210 4383 1257 4437 est.
