2872 4942
810 138 839 183 a!

422 355 671 427 nosrcrttuur
701 341 893 400 r'rtrrtuae.
943 314 946 322 ¹
1131 333 1209 423 435

143 528 242 593 tectis
276 551 294 589 a
323 543 427 591 semet
462 525 602 592 aedibus
640 528 911 594 sermocinantes.
980 530 1080 612 Quod
1113 549 1205 624 patet

143 667 179 706 m
208 640 390 707 absurdum
419 668 507 723 esse,
530 660 565 707 ut
591 667 658 708 non
684 641 784 710 modo
808 641 1048 726 defensionem,
1075 645 1135 713 sed
1160 672 1205 714 ne

143 745 364 824 :cusationem
390 758 530 850 quidem
558 756 657 823 ullam
680 757 809 825 habeat.
842 757 984 826 Accedit
997 759 1088 827 alind
1105 760 1206 855 quid-

143 900 204 941 am.
256 876 358 941 Actus
387 876 475 941 enim
502 874 550 940 lV
575 899 619 940 se.
647 877 669 942 2
696 901 722 941 v.
751 875 797 944 ‘26
824 874 914 941 unde
939 875 1071 942 taudem
1098 879 1206 944 subita

144 985 352 1082 heuropidis
378 992 578 1082 praesentia,
605 1015 672 1056 non
697 989 774 1057 ullo>
794 990 848 1059 vel
873 991 998 1059 indicio
1025 984 1207 1086 significata

143 1105 170 1171 >l
199 1107 338 1173 artificio
361 1107 583 1199 praeparata?
609 1106 743 1198 quando
769 1132 831 1174 nec
849 1134 867 1172 a
888 1111 992 1174 servis
1010 1109 1100 1175 fores
1128 1109 1206 1201 pnl-

143 1222 267 1287 mibus
293 1239 369 1287 ante
398 1222 602 1313 conspicitur
628 1220 686 1287 ille
714 1238 749 1289 ut
783 1221 987 1319 adveniens,
1026 1249 1089 1291 nec
1123 1224 1206 1317 quid

143 1362 223 1430 gens
245 1339 357 1404 veniat
380 1337 452 1429 ipse
476 1355 654 1402 memorat:
685 1362 821 1428 prorsus
846 1337 882 1402 id
909 1338 1048 1430 quidem
1076 1359 1209 1432 praeter

143 1476 250 1519 rorem
280 1451 474 1519 comoediae
501 1470 533 1518 et
564 1451 716 1542 profecto
749 1453 846 1518 etiam
873 1472 1007 1546 praeter
1032 1456 1208 1522 rationem.

224 1570 317 1651 Quae
345 1594 419 1636 cnm
444 1570 487 1634 ita
512 1587 641 1648 essent,
672 1592 742 1635 non
775 1595 853 1635 sane
880 1570 997 1661 inepte
1023 1571 1209 1664 Koeplrius,

143 1686 178 1750 ui
204 1687 382 1752 obsecutus
409 1704 459 1752 est
478 1685 624 1764 Bothius‚
651 1686 692 1750 ab
721 1711 759 1751 ea
786 1710 897 1766 scena,
925 1713 1011 1778 qnae
1035 1705 1084 1754 est
1103 1688 1162 1766 Ill,
1187 1691 1209 1755 3

143 1800 215 1891 ipud
253 1803 475 1882 Gronovinm‚
514 1800 618 1875 ¹voluit
643 1818 751 1867 actum
784 1819 941 1895 quartum
967 1802 1094 1870 ordiri:
1135 1804 1225 1870 satis¹

143 1916 215 1982 enim
237 1919 400 2008 temporis
432 1917 541 2008 potuit
579 1917 667 1982 inter
701 1914 784 1982 duos
817 1935 908 1983 actus
942 1918 1213 2011 praeterlapsum

143 2033 280 2123 rogitari,
320 2056 387 2124 qno
415 2055 531 2098 omnes
554 2029 687 2096 aedium
712 2035 980 2124 opportunitates
1007 2030 1212 2100 commodis-

143 2145 209 2214 sime
234 2149 567 2241 pervestigarentum
606 2147 677 2213 Nec
709 2146 793 2213 illud
820 2174 887 2214 non
914 2149 1137 2241 probabiliter
1162 2149 1214 2213 iu·

143 2259 283 2341 stitutum,
311 2261 403 2355 quod
428 2262 581 2327 Lambini
606 2287 703 2328 suasu
730 2265 826 2331 unius
855 2288 973 2330 scenae
987 2263 1212 2356 perpetuitate

143 2376 267 2462 primam
296 2397 329 2445 et
354 2377 489 2444 alteram
515 2398 606 2445 actus
633 2379 682 2446 lV
705 2379 956 2446 continuarunt:
993 2399 1059 2446 tam
1094 2403 1213 2445 neces-

143 2491 214 2560 sario
249 2497 337 2560 iuter
370 2519 405 2559 se
438 2492 570 2560 viuculo
607 2512 774 2560 extremus
807 2495 936 2585 primae
975 2492 1212 2585 secundaeque

143 2604 254 2688 primns
276 2633 391 2676 versus
419 2609 653 2674 continentur:

249 2721 429 2817 Po'strenm
457 2719 598 2789 minoris
624 2722 740 2815 pendo
775 2717 910 2812 te'rgnm
940 2723 1076 2789 illorum
1110 2718 1211 2816 qudm

725 2862 851 2903 meum:

246 2952 317 3024 ‘Illi
340 2973 443 3022 erunt
469 2949 641 3020 bucaddae
667 2954 771 3019 multo
795 2949 909 3046 po'tius
934 2978 1035 3047 quam
1060 2979 1126 3046 ego
1149 2960 1213 3021 sim

722 3065 835 3136 re'stio.

143 3175 201 3252 Nec
224 3214 329 3256 novae
357 3186 610 3256 scenaepullum
647 3204 723 3252 ante
763 3187 985 3278 posteriorem
1019 3211 1154 3253 versum
1180 3187 1215 3250 in

143 3285 223 3371 libris
249 3305 382 3397 scriptis
408 3303 580 3372 indicium.
616 3300 685 3369 Sed
711 3302 859 3394 itaquid
887 3303 944 3366 fiat
968 3300 1215 3394 Theuropidel

146 3406 258 3486 Eumne
295 3419 458 3486 credibile
487 3435 551 3498 est,
592 3437 770 3510 postquam
803 3436 951 3483 extrema
979 3442 1079 3483 scena
1105 3418 1164 3495 ΙΙΙ,
1192 3419 1213 3485 3

146 3519 245 3624 (quam
270 3536 320 3601 illi
342 3537 400 3616 IV,
420 3542 434 3601 l
452 3531 615 3618 feceruut)
641 3535 767 3600 Tranio
795 3532 1002 3612 discesserat,
1026 3559 1089 3624 per
1109 3550 1213 3600 totum

144 3643 214 3718 illud
240 3672 383 3745 tempus,
410 3677 477 3745 quo
505 3677 551 3716 sc.
578 3651 636 3730 IV,
663 3656 679 3716 l
712 3670 745 3716 et
767 3651 790 3717 2
817 3649 917 3742 (quae
940 3648 1007 3715 illis
1033 3674 1098 3713 una
1122 3648 1226 3728 IV,2'

143 3765 218 3854 sunt)
254 3769 435 3835 Phanisrns
469 3784 537 3831 tum
565 3791 677 3833 secum
708 3765 858 3858 loquitur
884 3785 954 3831 tum
980 3765 1107 3830 iocatur
1135 3787 1210 3829 cum

143 3907 302 3964 nonacrim,
329 3886 363 3950 h.
392 3910 422 3951 e.
449 3908 511 3974 per
536 3885 684 3972 integros
710 3906 821 3947 versus
846 3883 909 3959 53,
937 3881 1079 3945 otiosum
1104 3896 1211 3944 astare

143 3990 328 4096 etprorsus
354 4000 437 4064 nihil
465 3997 641 4091 agentem?
701 3996 799 4082 Quod
834 3998 979 4061 sentiens
1014 4014 1048 4061 ut
1080 3994 1213 4060 videtur

143 4103 303 4210 loepltius
344 4142 420 4182 cum
455 4140 572 4181 senem
611 4113 771 4204 tantisper
806 4109 994 4177 consedisse
1033 4111 1067 4174 in
1099 4108 1213 4202 aliquo

143 4231 279 4306 cabello
306 4250 411 4325 putat,
438 4230 523 4296 nihil
550 4227 871 4294 animadvertentem
889 4250 1106 4318 eorumquae
1126 4229 1214 4294 cirea

143 4377 208 4421 um
231 4366 428 4442 agerentur:
452 4371 522 4414 non
547 4345 714 4438 reputavit
730 4341 774 4409 de
793 4343 955 4411 constanti
969 4341 1213 4410 consuetudine
