2872 4942
506 148 517 185 Ι

176 331 254 407 476
400 356 467 399 viu.
493 355 536 398 nu
558 356 708 399 murtro
730 352 901 398 scnutuvu
926 352 1051 397 οιυιιιι
1157 348 1164 361 “

177 529 292 626 telligi.
350 532 521 598 Postremo
556 532 666 623 ipsum
698 528 784 597 iilud
806 529 1049 622 perductorum
1073 554 1144 596 nnn
1162 527 1248 596 modo

97 644 106 663 ’
177 632 383 741 ιΙίφιιιιΙαιι
407 645 544 740 languet
569 666 648 739 post
673 649 802 740 gravius
828 645 973 712 ductare
1007 627 1167 726 verbnm,
1200 644 1248 710 sed

178 732 451 881 ctiotwquue
480 780 733 854 praecesseraut
762 762 898 826 minime
921 778 1179 829 consentancum
1203 777 1249 825 cst

178 856 302 971 Neque
324 877 414 943 euim
441 902 519 943 usus
547 893 618 943 erat
643 878 735 945 Simo
766 875 982 968 perducendi
1008 875 1189 946 vocabulo:
1215 894 1250 941 'ut

177 1011 271 1061 recte
297 1011 330 1060 ct
352 995 515 1061 concinne
543 992 594 1058 nit
618 1016 735 1057 moror
759 991 938 1059 ductarier
948 992 1141 1059 reseruntur
1156 991 1249 1060 Simu·

177 1111 229 1175 nis
255 1109 366 1175 verbis
388 1132 470 1173 uam
498 1125 635 1199 egomet
659 1107 858 1183 ducturum,
895 1134 1014 1200 purum
1048 1124 1160 1174 nutem
1185 1131 1251 1174 con-

178 1242 339 1319 gruentcr
361 1222 551 1318 perductur
574 1249 699 1291 nomen
719 1242 795 1318 post
812 1223 1025 1290 circumduce
1050 1224 1190 1292 verbum
1208 1224 1249 1286 in-

177 1340 312 1407 seratur.
363 1343 452 1434 Ergo
479 1336 573 1434 quod
597 1358 825 1433 exspectatur,
852 1364 920 1408 uon
943 1358 995 1407 est
1018 1359 1055 1407 ut
1076 1338 1249 1432 perductur

180 1474 475 1537 commemoretur,
501 1455 560 1523 sud
589 1475 624 1524 ut
650 1454 908 1524 circumductor.
959 1459 1032 1525 Nec
1047 1455 1171 1522 iuiusu
1187 1470 1247 1522 'ver-

178 1573 299 1639 borum
325 1571 437 1665 aliquo
477 1588 624 1665 unquam
655 1573 777 1640 veritus
812 1591 861 1638 cst
892 1571 1025 1639 Plautus
1059 1570 1115 1638 vel
1137 1572 1246 1665 fingere

180 1711 313 1769 novum,
340 1687 434 1782 qnod
461 1713 479 1754 c
503 1713 542 1757 re
567 1706 661 1768 esset,
683 1687 899 1756 vocabulum:
926 1690 953 1755 si
978 1685 1178 1755 modoillud
1200 1710 1248 1753 no·
1292 1706 1294 1715 ·

180 1829 278 1884 vum,
309 1805 402 1870 cuius
435 1828 495 1871 nos
530 1803 722 1896 exemplum
748 1802 852 1871 hodic
878 1829 945 1871 nou
977 1802 1138 1897 legumus.
1192 1804 1249 1885 Quo

181 1939 289 1987 autem
315 1937 443 2013 spectat
470 1919 748 1987 circumducendi
773 1921 876 1998 notio,
905 1919 1051 1987 eandem
1076 1920 1112 1985 in
1137 1935 1247 2013 purtem

178 2016 471 2157 *qimandam
495 2035 655 2103 ductandi
680 2036 842 2115 verbum,
875 2053 910 2103 ut
941 2036 1062 2103 omisso
1090 2035 1179 2102 omni
1201 2033 1248 2099 ob·

180 2154 343 2261 igonitnte
371 2151 415 2218 de
443 2152 590 2219 sallendo
604 2203 613 2233 ,
641 2146 848 2244 dc'cipieudo
872 2152 1036 2245 cogitetur
1060 2149 1244 2244 simpliciter,

182 2269 285 2355 nitdto
309 2268 346 2335 id
370 2267 509 2362 quidem
537 2294 652 2335 senum
679 2257 1128 2360 personis'couvcnientius:
1153 2283 1187 2332 nt
1208 2277 1243 2328 est

81 2462 83 2467 A
184 2389 278 2479 Capt.
305 2386 366 2466 ΙΙΙ,Ι
391 2385 424 2465 4,
457 2386 526 2455 109
559 2389 618 2478 qui
638 2408 691 2448 me
714 2400 751 2448 ut
776 2383 951 2450 lubitumst
979 2382 1136 2451 ductavit
1167 2378 1243 2454 dolis,

183 2503 332 2596 itemque
360 2500 533 2567 ductitare
558 2500 658 2593 Epid.
685 2501 745 2580 ΙΙΙ,
771 2503 805 2579 2,
834 2503 890 2568 15.

282 2618 381 2684 Nunc
409 2635 518 2684 nutem
543 2635 590 2697 ut,
617 2618 675 2710 qui
701 2617 821 2682 horum
844 2640 921 2682 usus
947 2619 1098 2710 sicquae
1120 2615 1243 2707 dispun-

184 2736 307 2815 vimus,
350 2734 572 2826 intelligatur,
612 2750 748 2826 praeter
776 2749 886 2798 cetera
912 2730 998 2797 illud
1025 2729 1242 2853 quaerendum

185 2848 267 2942 quid
292 2849 428 2943 taudem
451 2849 546 2916 libris
569 2849 704 2941 scriptis
732 2847 905 2940 proditum
939 2849 1000 2929 sit,
1041 2846 1127 2940 quid
1151 2841 1243 2940 proit-

187 2982 275 3031 ctum
300 2967 341 3032 ab
369 2964 566 3032 editoribus.
618 2963 708 3032 Scito
734 2964 836 3057 igitur
860 2965 895 3028 in
921 2965 1049 3031 Vetere
1074 2961 1189 3030 codice
1210 2955 1243 3022 sic

186 3082 329 3175 scriptos
351 3109 401 3150 vv.
432 3082 510 3151 159.
538 3078 607 3150 160
633 3097 778 3147 exstare:
1292 3162 1294 3175 Ι

284 3219 346 3268 ru.
373 3194 496 3290 Apage
521 3201 623 3264 istum
649 3221 702 3262 me
723 3243 868 3262 .....
896 3193 983 3258 nillil
1006 3216 1125 3259 moror
1145 3191 1244 3259 ducto·
1292 3182 1294 3189 ’

375 3349 381 3362 ’
780 3334 862 3377 ner.

353 3429 528 3520 Quidquid
560 3445 611 3495 est
653 3477 661 3494 .
688 3478 696 3493 .
723 3477 731 3492 .
758 3476 765 3493 .
793 3477 801 3493 .
835 3474 844 3492 .
877 3475 885 3491 .
912 3475 920 3492 .
969 3421 1152 3517 perductet
1180 3420 1249 3514 quis-

775 3548 878 3635 piam.

186 3668 258 3735 Nec
285 3663 477 3756 discrepant
502 3662 624 3755 reliqui
638 3659 729 3740 libri,
757 3661 820 3724 nisi
846 3655 938 3751 qnod
960 3657 995 3720 in
1013 3651 1250 3723 recentioribus,

187 3802 224 3850 ιιι
248 3781 417 3874 Lipsiensi
439 3797 472 3845 et
499 3776 552 3844 ed.
577 3780 701 3870 princ„
734 3777 844 3842 vacuis
871 3773 984 3864 spatiis
1013 3773 1147 3838 omissis
1170 3764 1251 3835 verba

191 3899 379 3967 continuata
405 3911 488 3960 sunt.
547 3891 652 3961 Vides
679 3909 866 3984 suspectam
889 3886 1132 3981 perductorum
1157 3900 1252 3951 vocem

189 4039 233 4079 ne
260 4038 330 4079 csse
357 4010 496 4104 quidem
521 4011 555 4074 in
583 4009 769 4076 codicibus:
805 4032 904 4098 quam
931 4030 948 4069 e
974 4029 1003 4069 v.
1034 4003 1122 4081 130,
1148 3999 1252 4094 paritet·

191 4148 265 4194 ute
297 4130 362 4196 131
391 4127 447 4194 hic
477 4125 589 4219 elapsa
615 4124 739 4192 errabo
763 4129 877 4215 potius
902 4145 1027 4214 qttum,
1066 4120 1133 4185 huc
1158 4110 1250 4183 ascivit

191 4242 411 4308 Camerarius.
441 4240 483 4306 Et
510 4241 602 4334 quod
629 4247 729 4306 istum
754 4265 817 4319 ute,
844 4264 912 4304 nou
938 4241 1038 4302 istum
1056 4260 1080 4298 α
1102 4259 1153 4298 mc
1177 4227 1249 4296 Pali·

186 4356 252 4422 tini
277 4354 354 4422 libri
383 4358 565 4438 exhibent,
602 4359 637 4422 in
664 4381 703 4423 co
729 4356 803 4447 ipso
839 4351 958 4420 videor
990 4355 1091 4416 istum
1116 4344 1250 4435 dimum·
