2872 4942
195 340 266 414 368
488 358 544 481 fi
589 361 633 407 vt.
665 362 708 406 us
734 361 912 408 versarere

194 529 315 601 Statilii
349 482 551 599 utensiliis
584 531 747 599 Catonem
783 556 901 600 senem
927 534 1164 603 commentarii
1190 532 1274 605 facilc

196 650 341 743 cuipiam
365 647 556 715 videantur:
583 647 627 714 de
654 646 777 742 quibus
798 647 869 717 nid.
895 651 1064 744 Suringar.
1092 648 1275 745 Lp-llsssq.

196 765 309 850 Quid?
335 763 427 857 quod
453 789 495 830 ne
521 763 625 831 multo
652 766 869 833 contestatior
891 764 1031 858 quidem
1048 766 1277 859 quamin'l'c·

194 881 348 959 rentium,
373 878 522 946 eiusdem
548 879 642 946 Celsi
665 881 702 946 in
714 877 892 973 Virgilium
918 883 1181 950 commentarius
1197 881 1278 970 (sur.

95 1090 98 1096 Ι
193 996 235 1074 ΙΙ,
261 1022 294 1087 p.
324 992 393 1064 160
414 992 504 1088 sqq.)
529 997 605 1062 satis
631 992 828 1088 persuaderi
850 997 983 1089 llcynio
1008 995 1074 1063 vol.
1095 999 1141 1080 V,
1164 1024 1200 1092 Ρ.
1214 1000 1279 1069 539

192 1111 321 1205 potuit?
370 1111 413 1176 Et
451 1128 560 1176 tamen
595 1127 717 1203 quanta
748 1112 784 1176 in
819 1112 881 1179 hac
907 1137 1021 1179 caussa
1044 1112 1080 1179 in
1107 1131 1278 1209 utramque

192 1245 322 1321 partem
349 1229 500 1293 cautione
525 1249 609 1319 opus
635 1228 685 1305 sit,
712 1250 779 1293 nou
803 1245 915 1319 potest
938 1224 1168 1295 luculentiore
1188 1252 1279 1323 quam

192 1342 308 1408 Scauri
324 1341 682 1433 exemplomonstrari‚
706 1365 806 1434 quem
833 1345 908 1435 quis
932 1359 994 1422 est,
1016 1344 1077 1435 qui
1100 1344 1278 1412 intervir·

191 1456 260 1550 gilii
287 1459 491 1550 interpretes
516 1457 647 1523 referre
672 1475 816 1550 propter
841 1482 944 1524 unum
967 1456 1072 1551 idque
1092 1461 1278 1554 ambignum

191 1573 299 1642 Servii
333 1574 368 1638 in
393 1574 476 1639 Aen.
511 1574 570 1649 ΙΙΙ,
596 1569 668 1642 484
702 1574 928 1640 testimonium
961 1598 1058 1642 susus
1094 1594 1278 1643 esset·snte

194 1688 283 1756 edita
308 1689 349 1754 sb
375 1689 417 1754 Α.
441 1688 531 1755 Maio
556 1689 764 1775 yeroneusia
799 1688 944 1757 scholis?
995 1689 1047 1759 Cf.
1079 1688 1215 1786 Suring.
1239 1692 1285 1789 ll,¹

192 1831 230 1897 p.
258 1804 339 1874 189.
388 1805 448 1868 Est
469 1803 536 1873 hoc
557 1803 712 1897 prolecto
741 1803 931 1885 eiusmodi,
967 1823 1003 1874 ut
1025 1806 1062 1871 in
1085 1831 1179 1875 mem
1220 1798 1232 1827 ⁴
1280 1790 1287 1819 ·.

123 1930 125 1935 ’
190 1923 290 1988 nobis
315 1939 451 1988 revocet
472 1918 558 1987 illud
579 1921 703 1988 veteris
729 1938 869 2012 poetae,
899 1922 936 1987 in
971 1921 1059 1989 hanc
1083 1828 1278 1989 ιηοωᾝ

190 2038 300 2103 minus
332 2061 434 2129 quam
457 2037 494 2102 in
513 2035 688 2105 homiuum
713 2038 811 2102 vitam
835 2035 1065 2129 quotidianam
1091 2061 1275 2107 accommo-

192 2150 321 2220 datum:
364 2149 454 2244 τάχ’
491 2142 536 2218 clv
551 2172 623 2229 ,nac
656 2147 749 2230 εἰκὸς
778 2147 874 2218 αὐτὸ
907 2152 1009 2219 τοῦτ’
1040 2143 1138 2221 εἶναι
1172 2149 1274 2244 λέγοι,

189 2263 360 2363 βροτοῖσι
392 2263 516 2334 πολλὰ
547 2263 745 2361 τυγχάνειν
776 2267 842 2334 οὐκ
876 2263 1014 2338 εἰκότα.
1066 2268 1155 2337 Sed·
1171 2286 1273 2336 tamen

191 2411 258 2479 quo
288 2387 324 2451 in
363 2382 456 2452 Celsi
491 2409 604 2450 caussa
636 2401 747 2465 utare,
785 2408 889 2451 unum
912 2403 1068 2478 superest
1092 2388 1273 2482 hoc-argu

189 2520 349 2580 mentum,
376 2497 468 2592 quod
492 2500 698 2592 grammatici
723 2499 802 2566 libri
828 2500 870 2565 ab
895 2499 955 2567 illo
983 2501 1073 2582 editi,
1114 2527 1183 2596 quo
1213 2506 1274 2568 Tc·

188 2618 339 2685 rentiana
365 2615 519 2709 exempla
541 2618 712 2708 potuerint
735 2618 886 2695 tractari,
921 2615 1050 2682 nullum
1073 2617 1167 2710 apud
1194 2634 1274 2683 vete-

189 2759 244 2800 res
278 2733 453 2822 vestigium
482 2751 602 2799 exstat:
643 2756 758 2824 neque
794 2732 883 2797 euim
912 2730 1009 2797 vele
1035 2732 1199 2799 Prisciani
1222 2730 1272 2807 ΙΙΙ,

189 2874 222 2940 Ρ.
238 2850 326 2926 607,
344 2847 409 2927 39,
435 2845 490 2913 vel
518 2873 535 2913 e
563 2845 738 2913 Diomedis
764 2847 789 2925 Ι,
815 2872 848 2938 Ρ.
874 2842 1004 2927 307,4
1034 2844 1110 2933 (ubi
1137 2865 1272 2914 erratum

190 2961 360 3029 Aruntius
388 2962 550 3030 Claudius
575 2960 605 3047 *)
633 2961 717 3027 illud
743 2979 836 3028 recte
865 2959 1088 3028 concluditur.

288 3080 361 3145 Hoc
388 3097 496 3144 autem
524 3077 831 3170 quomodocunque
860 3078 1035 3158 sehabet,
1064 3095 1190 3145 tuntum
1208 3100 1271 3145 cer·

192 3212 261 3261 tum
289 3213 358 3275 est,
390 3195 491 3287 longe
524 3194 696 3286 longeque
724 3194 821 3260 etiam
846 3195 1087 3285 suspectiorem
1114 3194 1270 3264 Plautino

193 3336 268 3376 rum
294 3309 384 3378 Celsi
413 3312 729 3378 commentariorum
753 3310 952 3389 memoriam
975 3333 1057 3374 esse.
1098 3312 1221 3376 Nititur
1241 3332 1271 3372 ea

182 3403 271 3494 'solis
300 3426 442 3492 Charisii
466 3449 500 3518 p.
531 3425 610 3504 190,
632 3424 678 3494 29
704 3424 833 3503 verbis,
872 3446 959 3516 quae
993 3424 1078 3490 infra
1111 3428 1269 3519 posuimus

192 3569 258 3610 una
292 3568 368 3610 cum
409 3541 449 3606 iis
496 3567 579 3634 quae
613 3541 767 3633 proxime
804 3537 1028 3607 antecedunt:
1078 3541 1269 3633 Perplexim.

191 3658 309 3729 Plana.
336 3662 373 3723 in
396 3655 532 3724 Sticho:
564 3658 602 3725 V
597 3672 687 3721 trum
712 3679 777 3746 ego
803 3654 994 3747 perplexim
1016 3655 1182 3723 lacessam
1204 3676 1268 3720 ora·

190 3781 293 3843 tione.
322 3809 369 3824 -
391 3770 587 3841 Publicitus.
630 3773 774 3837 Plautus
803 3770 999 3843 incudem:
1048 3774 1178 3841 Nonne
1209 3770 1260 3834 lmc

156 3964 160 3971 ,
188 3892 379 3985 publicitus.
429 3887 498 3960 Vbi
523 3885 660 3963 Celsus,
698 3884 879 3979 publicitus
905 3905 939 3953 et
965 3888 1125 3964 claritas,
1161 3864 1261 3980 inpuit

192 4006 312 4073 dicunt
324 4032 335 4076 .·
367 4030 430 4072 nos
455 4003 587 4096 publice
614 4003 770 4094 clareque
796 4001 947 4070 dicimus.
983 4005 1134 4072 Titinius
1158 4008 1193 4070 in
1214 3998 1261 4068 Se-

201 4196 444 4215 w

58 4351 65 4359 .
243 4275 268 4344 ³)
298 4242 364 4325 Vidit
385 4275 524 4325 nocetiam
544 4273 661 4325 Osaunus
680 4272 793 4338 Synihol.
819 4274 852 4339 ll,
873 4291 899 4345 p.
918 4274 981 4346 ³43,
1001 4277 1111 4331 credidit
1129 4283 1206 4330 autem
1220 4267 1270 4320 11⁰?

232 4419 238 4427 ι
301 4360 339 4412 bis
358 4361 549 4413 Liadcnaunus
568 4362 594 4413 in
612 4360 711 4415 charia.
730 4377 756 4429 p.
778 4364 837 4416 127.
