2872 4942
164 352 237 421 552
379 300 525 423 filiun
569 374 612 415 nu
638 372 936 417 iuraaroaarrona·

163 570 321 639 praesens
347 544 482 617 delucto
508 542 715 636 re'quirdiat)
748 562 781 609 et
815 546 1001 635 proximis
1016 545 1099 627 filio
1125 544 1203 611 dum
1223 550 1250 611 iu

164 678 199 729 et
221 660 305 750 filio.
355 659 505 752 Reliquis
531 659 627 725 libris
653 684 744 725 aaunc
765 658 897 747 accedit
922 661 1186 728 Ambrosianus
1227 665 1250 728 ls

165 777 275 846 codex
302 804 341 845 ea
366 802 451 869 quae
478 794 732 868 consequuntur
757 779 792 841 iu
820 777 908 842 hanc
934 776 1084 843 sormam
1104 777 1251 872 disposita

166 895 314 961 exhibet:
604 967 607 972 ,

309 1027 1028 1097 saroa1snicasroorruauaraamaoaeoiroa

312 1146 925 1200 cuuuouooauaresracrauooasiuus.

314 1259 909 1316 sonoranouaunouiconiooraaasaa

296 1332 499 1432 ‚ooanuid‘..
514 1374 1047 1419 sacracraranuruouaoooarau

160 1474 260 1551 Mira,
286 1467 346 1535 sed
372 1466 491 1532 eadem
513 1491 582 1532 nou
608 1465 743 1532 indocta
769 1492 923 1532 versuum
949 1466 1178 1537 distinctione
1203 1470 1252 1534 ali-

162 1589 292 1681 quoties
316 1584 558 1649 Ambrosianus
581 1584 694 1647 utitur.
751 1581 854 1649 Velut
887 1583 993 1649 Stichi
1019 1587 1159 1653 initium
1185 1586 1251 1652 alibi

161 1718 295 1769 testatus
323 1724 396 1766 sum
422 1700 473 1764 his
499 1697 593 1762 illum
615 1696 745 1789 pusillis
770 1699 929 1764 membris
952 1697 1162 1791 dispescere
1187 1703 1250 1767 satis

163 1816 390 1910 singulariter:

460 1927 573 1996 Credo
600 1953 665 2019 ego
689 1934 846 1995 miseram

460 2047 581 2113 Fuisse
605 2046 831 2137 Penelopam,

459 2159 593 2237 Soror,
618 2185 679 2226 suo
706 2187 751 2227 ex
775 2166 904 2236 animo,

462 2278 560 2366 Quae
585 2293 657 2343 tam
681 2276 738 2341 diu
768 2277 868 2343 vidua

459 2394 545 2462 Viro
570 2416 631 2457 suo
660 2397 780 2460 caruit.

456 2509 547 2574 Nam
574 2532 637 2573 nos
664 2513 735 2573 eius
760 2514 911 2575 altimum
935 2537 1012 2575 -’.·

165 2621 357 2691 Charmidis
382 2639 491 2687 autem
517 2624 620 2689 verba
647 2624 674 2688 si
698 2622 790 2705 idern
816 2625 873 2690 ille
900 2627 967 2691 sive
992 2626 1157 2696 librarius
1189 2633 1248 2695 sive

161 2739 390 2832 grammaticus
415 2740 590 2805 trochaicis
627 2737 779 2804 dimetris
807 2739 987 2806 decurrere
1014 2742 1175 2825 voluerit,
1199 2771 1249 2836 pa-

162 2879 237 2920 rum
259 2854 410 2945 profecto
438 2854 679 2947 intelligamus,
720 2881 779 2920 cur
805 2855 846 2921 ad
872 2857 934 2923 hos
961 2859 1072 2924 subito
1105 2865 1247 2936 nansire,

164 2995 264 3061 quam
289 2972 376 3034 binis
412 2972 607 3035 consociatis
634 2968 786 3035 maluisse
813 2990 1023 3038 tetrametros
1053 2978 1242 3042 continuare

163 3101 299 3180 poetam
327 3085 484 3151 dicamus.
543 3084 614 3151 Sed
639 3086 701 3149 nisi
731 3089 839 3152 omnia
865 3114 919 3152 me
947 3088 1089 3170 fallunt,
1122 3093 1245 3183 minime

164 3198 224 3266 ille
259 3224 322 3290 pro
357 3203 534 3268 trochaicis
570 3202 702 3280 habuit,
738 3201 798 3266 sed
831 3227 893 3294 pro
926 3224 1106 3296 systemate
1145 3206 1243 3298 potius

165 3316 375 3408 anapaestico
387 3341 394 3382 ι

265 3430 326 3498 Set
351 3427 426 3524 qztis
451 3432 506 3496 hic
532 3448 596 3507 est,
622 3437 737 3525 quiin
762 3433 914 3525 plateam
939 3428 1145 3524 ingreditur

269 3546 353 3611 Cum
378 3571 467 3612 novo
494 3543 620 3613 (irnotu
645 3543 819 3642 specieque
845 3549 970 3615 simul?
1006 3558 1015 3573 ¹

263 3661 343 3736 Pol,
369 3660 564 3755 qudnquom
590 3663 685 3729 domi
706 3668 820 3754 cupio,
844 3659 1017 3756 dpperiar,

318 3778 429 3864 Quam
453 3778 507 3845 tio
533 3774 603 3845 re'm
628 3797 732 3870 gerat
755 3784 904 3845 animum
931 3775 1124 3846 advdrtam.

163 3892 290 3958 Vltimo
318 3895 406 3958 enim
440 3920 536 3987 uersu
570 3895 650 3961 duas
686 3898 864 3987 scripturas
896 3912 980 3985 agat
1008 3915 1040 3962 et
1066 3914 1171 3986 gerat
1191 3921 1242 3986 ap·

164 4024 263 4099 paret
279 4007 458 4092 coaluisse3
482 4011 585 4077 altero
610 4030 718 4077 autem
739 4036 838 4091 novo,
865 4012 1152 4106 quemadmodum
1173 4009 1241 4077 alibi

164 4147 227 4218 pro
257 4149 322 4189 una
354 4122 478 4217 syllaba
515 4145 584 4206 est,
621 4130 665 4191 ita
691 4127 774 4194 nihil
799 4127 940 4220 impedit
964 4131 1144 4221 quominus
1175 4144 1239 4194 ante

159 4238 309 4314 ‘vocalem
336 4265 398 4331 pro
418 4243 506 4307 nulla
530 4245 579 4320 sit,
607 4262 642 4307 ut
663 4242 779 4308 similia
802 4246 959 4309 sescentis
980 4243 1156 4336 exemplis.
1182 4239 1241 4309 Sed

164 4367 284 4432 tamen,
312 4360 520 4447 quantumvis
547 4385 612 4453 per
637 4384 672 4423 se
700 4360 780 4425 boni
807 4362 873 4426 siut
890 4359 1070 4462 -versiquli,
1098 4359 1242 4425 dubitare

320 4496 339 4533 h
