2872 4942
432 355 452 395 1.
474 354 516 395 ιιι
544 352 663 399 mvii
689 355 819 399 ιοιτιι
847 358 1041 401 uotiuum.
1110 397 1111 400 ,
1243 339 1286 405 21

146 522 156 533 '
221 518 268 589 dici
291 543 322 591 et
345 522 458 619 (uelut
481 522 548 590 hoo
571 541 687 593 nostro
716 549 818 593 sensu
844 524 1044 593 consultius:
1080 525 1139 594 sed
1180 546 1289 595 tamen

131 704 136 715 ,
216 639 344 705 seiuncta
373 664 390 704 ι
421 636 560 705 Cluuini
595 636 734 707 oonsilio
760 664 827 706 uon
854 656 939 709 sunt.
990 643 1106 724 Qui
1080 667 1108 711 st
1133 641 1290 734 plenissi-

209 777 277 819 mam
302 760 415 819 earum
438 776 552 819 rerum
577 754 738 832 notitiam,
762 755 896 847 quibus,
922 774 959 822 ut
981 759 1015 821 in
1032 756 1195 824 Rhodium
1214 782 1287 823 mu-

131 840 308 935 liorem
331 865 517 965 incideret,
545 868 733 947 evenisset,
767 893 841 935 cum
868 871 1110 960 spectatoribus
1138 895 1288 937 commu-

136 985 139 997 “
199 960 370 1049 ιίοιιιᾶιιιι
386 982 536 1074 putabat,
562 981 648 1049 illud
672 1007 809 1075 quoque
835 1007 904 1050 non
928 988 1037 1076 potuit
1053 1011 1122 1053 non
1139 1011 1287 1055 comme-

131 1150 142 1167 .,
192 1124 331 1179 morare,
359 1123 424 1189 qun
449 1097 584 1165 tandem
610 1122 723 1165 caussa
750 1123 860 1191 quove
888 1098 1027 1167 consitio
1047 1099 1285 1194 relictopottio

187 1211 378 1280 Rhodum
368 1236 441 1305 ipse
463 1215 620 1279 venisset.

244 1414 250 1420 .
281 1331 377 1413 Quae
405 1352 480 1393 cum
506 1329 551 1393 ita
576 1328 661 1408 siut,
692 1327 778 1425 uihil
818 1352 889 1394 esse
917 1352 1050 1399 caussas
1078 1327 1293 1421 intelligitus

186 1470 244 1511 uu·
268 1468 342 1511 non
369 1442 480 1511 eidem
506 1462 625 1535 poetae
653 1441 721 1511 duo
748 1443 907 1513 versiculi
930 1443 999 1524 illi,
1032 1445 1154 1536 quibus
1189 1428 1284 1509 sahu-

184 1559 453 1625 larum'nominu
480 1557 682 1650 produntur,
709 1585 747 1625 ao
773 1559 924 1651 reliquus
946 1558 1107 1651 prologus
1134 1560 1284 1625 tubunn-

183 1692 246 1740 tur.
276 1674 384 1767 Atq'ui
411 1674 509 1741 huius
531 1698 689 1741 numeros
715 1673 867 1743 Plautina
894 1693 964 1741 arte
991 1675 1096 1741 factos
1123 1691 1283 1767 apparet:

179 1809 214 1856 ut
240 1814 314 1856 non
339 1790 471 1880 possint
494 1790 529 1855 in
558 1790 628 1856 eius
657 1790 734 1855 artis
760 1769 1050 1857 societatem'non
1070 1789 1119 1854 illi
1143 1814 1279 1882 quoque

178 1930 295 1972 versus
321 1904 448 1971 venire.
499 1906 571 1973 Nec
598 1903 729 1971 duobus
756 1922 834 1998 post
856 1903 1001 1971 saeculis
1027 1930 1131 1975 novos
1155 1904 1282 1971 Plauti-

176 2023 228 2085 nis
254 2018 378 2093 subulis
404 2018 564 2112 prologos
593 2021 774 2087 secessisse
803 2019 968 2087 credibile
997 2041 1059 2089 est.
1099 2021 1189 2113 Ergo
1216 2018 1280 2087 tol·

175 2131 279 2201 lenda
306 2159 396 2215 sono,
420 2160 510 2228 quae
537 2135 573 2202 iu
605 2132 706 2203 Accii
734 2122 876 2228 guuitivo
906 2152 956 2203 est
982 2134 1130 2202 offensio.
1178 2118 1282 2216 Quod¹
1344 2126 1348 2137 '

179 2247 319 2342 quidem
339 2251 477 2318 minime
494 2250 599 2319 voluit
615 2271 789 2343 praestare
800 2249 968 2317 Bentleius
994 2252 1029 2319 iu
1047 2254 1128 2317 Ter.
1141 2251 1278 2319 Phorm.

178 2363 265 2455 prol.
292 2362 359 2443 26,
382 2368 476 2435 cuins
515 2334 754 2445 ostimentum,
782 2385 818 2433 ut
840 2365 902 2447 ait,
928 2388 996 2431 nou
1022 2362 1213 2456 intelligere
1240 2389 1277 2431 se

178 2481 336 2546 Osannus
366 2507 400 2572 p.
439 2482 507 2550 175
546 2480 677 2547 fatetur.
729 2480 804 2547 Illic
845 2481 934 2546 enim
969 2505 1044 2546 cum
1076 2479 1301 2573 Μειιιιιοιὶιι

179 2618 319 2661 versum
343 2595 390 2665 sio
415 2597 577 2688 scriptum
604 2597 736 2688 posuit:
1303 2572 1309 2583 ¹

277 2778 281 2784 ,
331 2710 462 2781 Eadem
486 2709 594 2775 latine
620 2712 799 2781 Mercator
823 2711 970 2791 Μιοιίιί,

175 2823 263 2890 nihil
289 2825 358 2891 sibi·
376 2824 469 2892 aliud
494 2825 607 2901 voluit,
634 2826 697 2891 nisi
712 2845 759 2890 ut
784 2850 847 2916 pro
875 2850 923 2904 eu,
951 2850 1051 2916 quam
1073 2847 1141 2889 nou
1162 2838 1277 2913 posset

176 2965 245 3008 nou
272 2960 468 3035 corruptum
494 2960 634 3033 putare,
670 2942 775 3008 formo
802 2939 975 3032 impressis
1005 2936 1167 3029 exemplis
1192 2961 1274 3028 pro·
1318 3000 1323 3014 ,

176 3075 294 3147 pagata
317 3038 541 3125 substitueret
567 3054 720 3125 codicum
744 3059 955 3147 scripturam,
980 3080 998 3120 e
1026 3079 1090 3146 qua
1115 3049 1199 3144 quid
1225 3051 1273 3114 es-

175 3173 294 3239 ficeret
318 3173 396 3264 ipse
416 3158 484 3239 non
507 3173 669 3239 haberet:
696 3172 802 3264 idque
829 3169 882 3237 vel
911 3188 1047 3239 externo
1076 3167 1191 3259 specio
1218 3164 1274 3233 lit-

174 3309 321 3360 terarum
347 3287 552 3379 significavit.
604 3288 688 3353 Nam
720 3290 829 3379 ipsum
864 3285 949 3353 iliud
974 3285 1112 3349 maurici
1142 3281 1178 3345 iu
1202 3281 1272 3345 Ve-

174 3423 247 3472 tere
273 3402 363 3469 libro
390 3401 575 3471 camerarii
609 3400 747 3494 legitur:
788 3403 823 3467 in
855 3403 1049 3479 Deourtato,
1077 3395 1270 3472 Vrsinimo,

171 3521 318 3611 Etrusco
342 3536 458 3585 nostro
485 3523 631 3594 mattici‚
657 3521 805 3610 itemque
831 3520 866 3583 iu
887 3515 1054 3611 Lipsiensi
1084 3531 1120 3583 ot
1147 3510 1185 3577 id
1209 3534 1269 3607 ge-

170 3661 235 3701 nus
263 3635 398 3700 ceteris:
439 3637 578 3703 mantici
610 3635 646 3703 iu
673 3634 828 3726 principe
865 3631 1027 3699 editione:
1064 3645 1101 3694 ut
1135 3624 1268 3691 infimas

168 3765 270 3815 notae
298 3728 400 3821 fuotit
424 3766 597 3840 oporteat,
634 3749 671 3815 iu
704 3773 770 3843 quo
805 3751 903 3815 matii
928 3746 1090 3837 scriptum
1115 3735 1269 3830 repperit

168 3863 418 3985 Muretutth.
429 3865 523 3935 Leot.
536 3864 662 3945 XVIII,
675 3867 707 3939 9
735 3861 965 3956 Numquid
934 3861 1034 3929 uritur
1060 3878 1149 3925 nouo
1166 3849 1267 3917 ‹lubi-

167 3978 265 4057 tabis‚
275 3978 358 4069 quin·
374 3952 517 4069 pristina
531 3978 670 4051 facies
646 3979 909 4047 stcvexatissimo
924 3974 1033 4043 versui
1046 3973 1265 4035 instauretur:

322 4085 454 4187 Baetim
477 4091 586 4157 latine
611 4087 791 4163 Μοισαῖον
814 4093 860 4158 M
865 4113 959 4159 accc
955 4081 1017 4157 T
1021 4081 1154 4149 ιιι-Ρ

214 4294 221 4303 .
270 4261 299 4304 et
315 4252 404 4393 pppst
420 4230 451 4304 F'.
472 4250 567 4321 ineptit
584 4261 614 4353 ¹¹}
630 4254 698 4307 solut
714 4255 742 4306 in
763 4255 813 4306 hoc
831 4268 928 4322 gauere
945 4247 1073 4303 Munius
1100 4243 1160 4297 Cot.
1179 4240 1262 4299 itaut.

269 4356 298 4413 p.
