2872 4942
177 1589 238 1684 ua
262 1562 512 1666 vacuamus
538 1568 705 1659 ninum
728 1585 1090 1683 mnnacumnvs
1115 1586 1164 1676 u

619 1971 651 2060 s.
681 1975 713 2039 1.

217 2121 258 2186 In
282 2116 389 2187 Plauti
415 2116 534 2185 fabulis
561 2113 926 2211 intcipretandis
953 2133 1080 2184 constat
1095 2119 1162 2184 iam
1186 2145 1205 2184 a

131 2235 291 2302 ueteribus
325 2235 544 2330 grammaticis
578 2232 669 2300 haud
711 2257 848 2328 segnem
872 2245 1031 2326 'operam
1060 2237 1205 2326 positam

131 2374 206 2418 esse.
256 2352 309 2417 Ab
335 2353 629 2442 interpretum
661 2366 772 2416 autem
796 2373 937 2416 numero
966 2350 1122 2426 continuo
1149 2373 1206 2418 ecs

131 2489 196 2530 esse
230 2463 455 2558 segregandos
488 2482 646 2557 apparet,
679 2464 844 2557 aquibus
877 2462 1056 2532 indices
1080 2482 1208 2531 tamum

131 2577 346 2646 ?lautinarum
372 2579 558 2646 fabularum
600 2579 768 2647 confectos
802 2603 876 2646 csse
903 2578 1032 2646 Gellius
1057 2578 1212 2672 prodidit

131 2699 219 2764 ¹loct.
252 2697 323 2792 Atta.
346 2695 414 2773 ΙΙΙ,
441 2696 482 2764 3:
519 2696 555 2761 L.
587 2694 722 2761 Aelium
757 2692 922 2760 Stilonem
952 2696 1207 2776 Praeconium,

131 2810 311 2880 Volcatium
334 2809 536 2902 Sedigitum,
563 2808 715 2877 Servium
735 2809 893 2877 Clodium
920 2811 988 2878 sive
1016 2810 1205 2892 Claudium,

131 2925 294 2993 lurclium
307 2924 468 3017 Opilium,
497 2928 533 2991 L.
545 2927 673 2993 Attium
689 2942 832 3018 poetam,
858 2925 1046 3013 Manilium,
1069 2929 1118 2998 Μ.
1135 2931 1207 2994 Te-

131 3045 265 3111 ·entium
304 3043 503 3109 Varronem.
562 3044 615 3109 Dc
657 3042 779 3134 quibus
820 3042 882 3127 etsi
921 3059 1003 3135 post
1035 3043 1206 3110 Osannum

131 3157 301 3227 inchoris
317 3184 350 3250 p.
368 3154 438 3226 154
466 3155 564 3225 docta
589 3155 632 3224 dc
654 3158 691 3223 L.
717 3159 797 3225 Attii
816 3156 1034 3226 Didascalicis
1057 3156 1209 3251 disputa-

131 3278 213 3344 ione
240 3273 428 3365 Madvigius
454 3274 490 3338 in
512 3273 637 3365 Opusc.
664 3272 756 3339 acad.
781 3299 815 3366 p·
840 3276 923 3346 106.
953 3277 1034 3344 107.
1061 3274 1130 3344 108
1158 3273 1210 3338 di-

131 3394 185 3471 zit,
220 3415 261 3456 cx
293 3408 388 3482 parte
424 3390 521 3455 etiam
546 3387 813 3457 Van-Heusdius·
845 3388 934 3475 edita
964 3415 1076 3483 nuper
1102 3389 1146 3457 dc
1169 3391 1206 3456 L.

131 3506 218 3574 lelio
244 3505 372 3574 Stilone
395 3505 650 3574 Rhetoricorum
676 3503 719 3571 ad
742 3506 953 3572 Herennium
978 3525 1113 3574 auctore
1137 3504 1207 3570 dis-

131 3623 303 3716 [uisitionc
330 3649 363 3714 p.
388 3623 434 3692 33
461 3647 551 3715 sqq.:
578 3638 688 3688 tamen
710 3619 859 3688 nondum
885 3623 930 3689 ila
955 3641 1063 3690 actum
1090 3636 1148 3701 cst,
1170 3636 1207 3685 ut

131 3739 173 3808 'cl
200 3737 348 3805 indicum
374 3737 508 3806 illorum
535 3737 588 3805 vel
617 3740 917 3810 Varronianarum
943 3763 1029 3830 quae
1047 3734 1208 3802 'semmua

131 3853 318 3920 maclarum
350 3854 433 3920 ratio
465 3855 542 3920 satis
577 3870 697 3946 pateat.
747 3852 847 3937 Quod
881 3852 1001 3919 licebit
1035 3850 1102 3919 alic
1126 3849 1203 3917 loco

130 3970 262 4036 alterius
288 3970 448 4062 persequi
469 3966 513 4055 Ἴ.
564 3970 709 4036 Tantum
734 3986 847 4061 patet,
874 3967 917 4034 ad
943 3964 1208 4061 singulorum

131 4171 417 4184 ——ss

175 4258 203 4322 ⁴)
228 4253 301 4305 Edita
320 4269 343 4304 a.
360 4224 572 4312 'cimacccxxmm
716 4322 719 4326 A

159 4342 200 4405 '*)
226 4341 358 4413 (Stetimus
376 4343 511 4410 promissis
531 4341 558 4392 in
568 4339 635 4394 Diss.
648 4339 746 4412 lv.)-
757 4338 812 4392 Hoc
831 4354 910 4392 uuum
928 4336 1010 4393 tribus
1021 4338 1108 4394 verbis
1124 4347 1211 4408 tango,
