2872 4942
470 362 636 404 ratarum
665 363 856 410 reavrtnte.
1135 342 1202 412 531

136 548 263 610 temet,
290 529 392 624 quod,
418 555 492 596 cum
506 533 674 623 hysitelqr
700 537 779 624 ipsis
798 531 981 601 Lesbonici
1002 528 1111 600 verbis
1128 560 1206 602 usus

136 665 232 729 aret,
258 647 415 714 meliores
438 664 553 713 tomen
580 673 681 740 quam
706 649 762 714 ille
789 673 904 715 versus
920 655 1053 738 facere
1076 652 1208 719 dicere·

136 788 192 829 r.
232 765 345 856 Atque
372 762 415 830 ad
440 766 550 831 iocum
576 764 670 831 illum
694 764 786 857 quod
812 768 941 846 attinet,
968 792 1045 834 meo
1072 767 1210 861 quidem·

136 903 223 946 nsu
247 879 348 973 friget
371 880 398 946 is
425 881 536 972 potius
564 907 663 972 quum
689 880 842 973 leporem
858 883 972 963 habet,
1000 900 1032 949 et
1057 885 1208 977 argutias,

136 1019 194 1060 an
218 1021 357 1063 acumen
381 1021 463 1088 prae
491 1021 526 1062 se
553 997 626 1063 fert.
690 996 761 1064 Sed
786 1016 823 1062 ut
847 996 967 1090 largiar
1000 1000 1207 1092 potuisse

136 1113 266 1179 ,asima
293 1129 424 1205 poetam
451 1113 515 1179 hoc
542 1113 706 1206 quicquid
741 1131 791 1180 est
823 1114 1016 1181 facetiarum
1040 1115 1208 1182 tribuere:

184 1228 257 1320 quis
285 1250 360 1293 eum
386 1252 452 1296 non
475 1230 622 1320 potuisse
648 1231 711 1295 nisi
736 1231 823 1295 hanc
854 1231 963 1322 ipsam
998 1229 1134 1321 iocandi·¹
1156 1256 1211 1296 ra·

136 1363 249 1408 mem
285 1340 388 1408 solam
423 1345 597 1411 instituere
641 1345 851 1411 contendat?
911 1348 1045 1412 Etenim
1081 1322 1209 1413 summo

136 1457 227 1522 rimi
256 1460 509 1549 pervicacissimi
535 1458 668 1526 servare
695 1461 824 1526 incensi
846 1478 1003 1553 uterque,
1030 1478 1063 1526 et
1083 1463 1211 1528 Lesbo*-

138 1595 220 1638 eus
246 1590 280 1638 et
302 1573 484 1667 Lysiteles,
508 1573 589 1640 illuc
612 1577 702 1640 omni
729 1574 865 1641 dicendi
890 1576 1044 1643 facultate
1070 1601 1133 1669 per
1160 1594 1211 1644 to·

136 1708 193 1752 m
217 1688 302 1754 hanc
326 1713 459 1755 scenam
488 1688 750 1770 contenderant,
791 1707 828 1755 ut
860 1716 995 1757 suorum
1021 1691 1088 1758 vim
1115 1717 1211 1786 argu-

137 1821 313 1870 entorum
345 1805 408 1870 sibi
442 1807 583 1872 invicem
605 1805 875 1898 persuaderent,
912 1833 1001 1874 nuuc
1033 1826 1141 1874 autem
1169 1833 1209 1875 eo

136 1936 323 1985 mentum
346 1939 414 2001 est,
452 1940 487 1987 ut
512 1919 687 1998 Stasimus,
722 1924 814 1988 cuius
839 1921 936 1989 valde
959 1924 1102 1999 interest
1123 1926 1212 1992 vinci

137 2035 359 2118 monnicam,
385 2038 448 2103 iam
476 2036 621 2106 exsultet
644 2036 766 2104 laetitia
793 2056 828 2104 et
853 2037 888 2102 in
907 2037 1086 2105 clamorem
1101 2065 1212 2127 erum-

137 2161 182 2212 tt
208 2171 349 2244 propter
374 2154 545 2219 victoriam
570 2178 588 2218 a
612 2152 769 2246 Lysitele,
796 2151 905 2235 ueilli
933 2155 1048 2236 visum,
1076 2153 1211 2222 tandem

139 2283 341 2352 portatam.
409 2270 511 2336 Cuius
545 2271 703 2336 victoriae
741 2270 994 2361 persuasionem
1031 2269 1115 2364 quid
1152 2288 1210 2351 est,

137 2391 262 2463 laeso,
291 2409 349 2450 cur
373 2383 535 2452 Stasimus
563 2411 602 2451 ex
620 2383 751 2452 duobus
770 2405 897 2454 tantum
917 2388 1128 2455 sermonibus
1145 2385 1210 2456 illis

154 2641 200 2686 v.
225 2618 273 2687 62
285 2642 360 2710 sqq.
386 2635 418 2684 ct
444 2620 490 2687 72
504 2642 578 2710 sqq.
606 2618 872 2709 pronuntiarunt,
898 2644 961 2686 nce
988 2588 1055 2719 flii?
1105 2619 1209 2715 ‚nibus

137 2522 249 2592 pere
277 2499 441 2582 credatur,
468 2526 551 2594 quos
578 2520 745 2568 extremos
770 2504 976 2570 Lesbonicus
997 2503 1212 2749 etgiteles

137 2736 272 2813 nmine,
299 2750 465 2827 quotquot
486 2734 565 2799 inde
592 2735 633 2799 ab
656 2734 750 2799 initio
775 2735 863 2801 inter
890 2760 926 2801 se
953 2698 1211 2839 coaegqtisunt?

137 2850 255 2919 ‚uodsi
281 2868 446 2918 certamen
473 2847 559 2916 illud
584 2851 776 2917 uuiversum
798 2876 912 2918 servus
939 2864 1088 2943 spectat,
1128 2850 1212 2946 quid
1315 2938 1319 2943 ᾖ
1367 2872 1370 2879 ·

137 2966 259 3034 nudem
286 2969 320 3032 in
347 2969 416 3033 eiua
442 2967 551 3032 verbis
580 2983 646 3046 est,
673 2965 766 3058 quod
791 2967 858 3033 huc
883 2992 952 3035 uon
980 2965 1211 3069 commodissi-

137 3096 174 3143 Ιθ
205 3084 398 3152 conveniat?
423 3151 426 3159 ,
447 3085 524 3150 Non
559 3084 645 3148 serio
680 3101 779 3175 atque
813 3109 830 3149 e
862 3107 977 3150 rerum
1010 3082 1150 3153 veritate
1177 3097 1210 3148 et

137 3190 266 3266 ῖᾶλιν
290 3198 376 3264 illud
403 3198 540 3265 ethaeo
567 3196 653 3265 diei:
690 3197 745 3262 liic
777 3202 854 3290 agit
889 3203 1000 3290 magis
1032 3220 1078 3267 eu
1101 3223 1208 3291 argu·
1271 3271 1273 3275 y

137 3327 256 3380 tento:
285 3339 399 3380 versus
424 3314 580 3379 meliores
596 3317 713 3401 facit:
748 3313 810 3380 sed
837 3317 965 3382 comica
985 3312 1146 3423 ¹libertate
1162 3302 1206 3380 in

138 3419 265 3496 imilem
288 3447 413 3496 tantum
440 3455 554 3496 rerum
582 3428 817 3496 condicionem
844 3430 995 3511 traduci,
1035 3429 1078 3499 de
1101 3454 1140 3497 eo
1162 3452 1206 3495 ne

138 3533 314 3612 llerruunno
342 3525 478 3638 quidem
504 3547 679 3613 nobiscum
704 3569 773 3612 non
800 3549 974 3614 convenit:
1008 3571 1123 3615 rerum
1150 3546 1205 3633 iu·
1276 3630 1279 3634 Δ

138 3646 239 3727 lidum
266 3685 326 3729 nos
353 3678 582 3753 argumentum
605 3665 772 3753 petimus,
803 3686 870 3755 quo
893 3664 995 3758 magis
1022 3664 1119 3729 etiam
1144 3681 1208 3726 no·

138 3784 223 3842 stum
249 3778 412 3844 rationem
440 3777 686 3843 confirmemus.
744 3778 966 3871 Comparatur
991 3776 1080 3842 enim
1104 3799 1206 3870 prae·

138 3904 199 3958 leus
224 3891 485 3960 adulescentium
513 3916 588 3958 cum
612 3890 772 3960 tralaticio
798 3909 972 3984 poetarum
988 3908 1204 3985 actorumque
1268 3888 1272 3901 ’

138 3992 323 4092 tertumiue}
348 4009 439 4101 atqui
465 4008 500 4072 hi
525 4007 677 4100 profecto
691 4031 771 4141 ¹qun
798 4004 939 4087 iisdem,
975 4003 1036 4073 sed
1062 4004 1204 4074 diversis

138 4124 269 4193 'ersibus
297 4124 521 4191 contendunt:
560 4147 670 4215 equo
698 4116 907 4214 consequens
939 4140 989 4191 est
1019 4138 1079 4202 ut,
1099 4118 1204 4213 *iad
1262 4130 1264 4136 '

138 4258 268 4317 emtam
300 4241 531 4308 recitationem
563 4236 747 4303 eorundem
781 4262 934 4303 versuum
959 4236 1116 4304 victoriae
1141 4238 1204 4305 luo-

138 4386 157 4431 ο
187 4355 371 4438 referatur,
414 4357 487 4449 ipsa
518 4355 566 4424 vis
598 4373 631 4422 ct
656 4355 773 4421 veritas
807 4308 1065 4445 comparationis
1095 4348 1204 4422 orodis
1304 4448 1307 4453 Ι
