2872 4942
528 355 694 402 rarrvnnr
718 347 912 398 suttvrrns'u.
1183 335 1253 403 525

164 530 272 594 tuisse
299 545 376 621 post
402 522 549 616 exempli
583 525 933 590 commemorationem
957 521 999 590 ad
1026 524 1136 592 locum
1163 551 1256 594 com-

162 670 307 727 munem
334 668 402 710 non
424 644 538 733 inepte
565 637 688 704 rediri:
726 655 757 704 at
779 664 848 704 non
871 642 981 731 potuit
1002 641 1067 708 hoe
1093 643 1158 709 nisi
1184 641 1255 711 elo-

166 760 312 828 cutionis
350 782 475 852 genere
515 754 617 849 longe
653 755 863 848 gravissimo,
899 781 966 849 quo
1003 722 1256 827 sorcius*etiam

167 882 272 968 quam
297 875 337 941 ab
363 874 457 940 initio
483 873 531 939 vis
557 872 741 938 sententiae
768 870 948 938 efferretur.
1011 872 1115 966 Atqui
1142 874 1257 942 cluent

166 992 323 1069 verbnm,
348 1016 411 1083 per
436 1015 470 1055 se
497 987 635 1080 quidem
663 1004 712 1053 sat
737 1013 834 1080 grave
859 976 963 1068 illud',
986 990 1078 1080 prius
1105 988 1170 1054 iam
1196 989 1257 1056 ad-

168 1123 263 1191 erat3
288 1107 459 1199 pertenuis
478 1102 533 1171 'est
560 1121 595 1169 et
619 1103 732 1184 exilis,
759 1129 840 1195 prae
867 1128 907 1170 eo
934 1103 1123 1196 quoderat
1148 1108 1257 1172 vietor

169 1225 347 1305 victorum,
370 1218 550 1313 probiores
576 1220 837 1311 comparativus3
862 1243 1001 1311 prorsus
1023 1219 1129 1286 inanis
1154 1221 1257 1285 inuti·

164 1335 246 1405 liter
270 1337 390 1404 inferta
412 1360 545 1428 semper
570 1335 701 1403 vocula.
763 1334 904 1418 Qualem
932 1335 1112 1408 verborum
1138 1335 1257 1401 ieiuni·
1285 1378 1289 1385 -

164 1473 269 1521 tatem
296 1479 369 1519 oum
394 1454 627 1545 cogitationum
650 1451 763 1544 inopia
789 1453 997 1517 coniunctam
1014 1453 1087 1543 quis
1103 1451 1254 1519 tribuere

164 1570 285 1639 Plauto
313 1571 458 1634 animum
484 1567 643 1633 inducat?
707 1568 824 1660 Apage
852 1568 951 1660 igitur
976 1568 1110 1632 nimiam
1136 1565 1255 1661 loquo-

167 1686 303 1752 eitatem
330 1685 436 1750 istam.
491 1682 590 1766 Quod
618 1684 705 1748 enim
731 1683 904 1775 perbene,
941 1682 969 1749 si
993 1707 1151 1750 numeros
1176 1709 1256 1776 spe·

165 1819 257 1880 ctas,
281 1800 385 1866 factus
407 1817 457 1866 est
482 1798 682 1878 versiculus,
712 1822 752 1865 eo
779 1797 864 1864 nihil
889 1798 953 1863 nisi
981 1817 1015 1865 et
1040 1815 1182 1866 vetustas
1205 1802 1256 1864 in-

164 1913 399 2008 terpolationis
427 1932 462 1980 et
488 1915 683 1982 exercitatio
709 1912 960 2007 interpolatoris
983 1913 1149 2007 quaedam
1176 1939 1257 2009 pro-

162 2034 296 2098 butun
335 2035 419 2100 Nam
445 2034 478 2097 in
502 2048 589 2098 tanta
616 2033 853 2100 verborum
880 2031 1098 2098 similitudine
1124 2034 1253 2126 repeti*

164 2165 219 2214 tae
245 2150 430 2215 sententiae
457 2150 510 2215 vix
538 2149 709 2239 cogitarim
735 2147 779 2214 tle
813 2146 878 2214 alia
905 2173 1016 2215 caussa
1043 2147 1256 2241 depravatio·
1312 2240 1316 2247 ι

161 2266 227 2344 nis,
253 2289 337 2357 quae
363 2263 525 2331 similibus
552 2263 634 2330 alius
661 2263 712 2331 vel
739 2263 871 2330 fabulae
898 2263 949 2330 vel
974 2283 1093 2357 poetae
1119 2284 1257 2337 senten·
1319 2268 1323 2279 '

162 2382 219 2446 tiis
243 2382 279 2445 in
303 2383 452 2475 margine
480 2381 665 2474 appositis,
707 2398 785 2474 post
821 2399 932 2446 autem
962 2381 997 2446 in
1032 2382 1255 2474 genuinorum

161 2498 427 2591 perpetuitatem
455 2497 540 2563 forte
568 2495 694 2588 illapsis
719 2498 916 2562 continetur.
982 2499 1083 2564 Cuius
1120 2497 1255 2590 generis

163 2613 200 2679 iu
226 2611 384 2679 Plautinis
406 2611 500 2678 libris
528 2613 709 2679 certissima
738 2611 904 2706 quaedam
927 2637 1032 2706 eaque
1060 2611 1158 2681 valde
1182 2638 1255 2678 me·

163 2728 340 2796 morabilia
367 2727 686 2824 exempla'eastant,
715 2727 757 2794 de
785 2728 906 2820 quibus
924 2753 984 2795 suo
1010 2714 1253 2796 loco'djcetur.

682 2989 741 3059 IV.

285 3193 380 3258 Trin.
408 3191 451 3270 Il,
473 3186 506 3270 4,
535 3189 685 3282 23sqq.:

240 3331 319 3376 st’.
345 3309 379 3375 T
375 3299 552 3399 rapezitae
578 3304 668 3369 mille
693 3300 957 3400 drachumarm
985 3293 1211 3395 Oly'mpicum,

269 3424 365 3516 Quas
389 3415 431 3487 de'
458 3423 597 3487 ratione
622 3414 778 3497 debuisti,
807 3413 976 3483 re'dditae.

190 3542 240 3611 25
266 3561 321 3607 tn.
345 3541 474 3632 Nempe
509 3535 594 3629 queis
628 3533 804 3629 spopondi.
856 3557 912 3602 ετ.
950 3527 1050 3601 immo'
1076 3557 1160 3628 quas
1193 3531 1252 3598 de·

750 3649 871 3745 pendi,
899 3644 1050 3743 inquito:

269 3770 366 3864 Quas
389 3767 573 3864 sponsione
592 3764 769 3862 prtimtper
795 3785 832 3834 tn
857 3765 1000 3833 exdctus
1024 3790 1061 3830 es

260 3888 333 3953 Pro
359 3887 416 3953 illo
442 3885 672 3964 ddnleseente‚
697 3879 795 3977 quim
820 3900 857 3948 tn
876 3906 948 3948 esse
973 3875 1070 3948 aibas
1098 3879 1248 3948 divitem.

288 4006 335 4072 Vt
359 4029 492 4069 rursum
517 4000 742 4068 alevioribus
765 3999 939 4092 incipiam,
973 3996 1248 4093 esseaibau'pro

162 4119 284 4189 aiebas
308 4143 381 4186 esse
403 4121 444 4186 ab
472 4119 662 4184 Hermanno
687 4116 874 4207 repositum
900 4138 990 4181 nunc
1010 4113 1249 4180 Ambrosianus

158 4238 282 4306 firmat.
334 4237 372 4301 ln
409 4233 531 4302 eodem
557 4231 644 4298 libro
671 4228 784 4325 paullo
808 4231 911 4296 maius
940 4229 1082 4322 spatium
1109 4251 1250 4296 conces·
1345 4312 1349 4319 .

160 4380 237 4423 sum
262 4369 315 4422 est
340 4351 451 4424 versui
472 4348 520 4420 24
545 4348 680 4432 medio,
707 4372 806 4442 quam
831 4346 884 4417 cui
911 4342 1078 4440 explendo
1101 4342 1249 4442 quinde-
