2872 4942
517 381 657 425 annuum
687 377 925 423 ruuunrutnnr.
1192 352 1264 424 589

179 551 321 645 quidem
347 552 420 642 ipsa
447 550 626 617 verborum
667 569 800 617 externa
832 550 1029 617 continuitas
1063 567 1133 617 tam·
1159 553 1267 617 mani-

177 669 265 734 festo
290 666 409 746 docet,
447 684 482 730 ut
508 668 630 732 mirere
664 669 886 745 Grauertum,
921 667 979 758 qui
1011 665 1123 734 multis
1154 669 1266 734 verbis

177 810 213 876 p.
240 785 311 853 202
337 807 413 848 sese
439 799 596 862 excuset,
632 782 726 874 quod
760 784 795 847 iu
829 780 1062 848 continuandis
1089 784 1267 850 trochaicis

177 898 300 964 srustra
345 896 588 978 elaboraverit,
636 889 774 989 eiusque
814 900 865 962 rei
901 895 1119 963 offensionem
1154 899 1267 966 levare

183 1013 294 1078 ascitis
323 1037 340 1077 e
366 1011 483 1078 Plauto
508 996 673 1104 exemplis
699 1011 841 1080 studeat.
878 1011 966 1094 Quid
994 1014 1081 1077 enim
1106 1014 1268 1106 ¹exemplis

180 1152 277 1220 opus,
300 1123 359 1192 ub'r
381 1152 433 1192 res
460 1129 532 1219 ipsa
560 1127 698 1192 clamat?
733 1129 930 1218 Quanquam
957 1127 1075 1194 Bothio
1099 1123 1179 1194 'saue
1202 1129 1269 1196 clu-

179 1226 276 1309 niarc
295 1240 378 1309 adeo
393 1267 461 1308 non
480 1260 528 1309 est
549 1244 628 1322 visa,
652 1259 717 1308 uta
733 1241 856 1308 decem
872 1243 1047 1309 trochaicis
1072 1247 1267 1336 septenariis

179 1381 248 1426 uno
272 1358 414 1424 iambico
441 1359 612 1425 octonario
638 1359 834 1450 interruptis
865 1383 926 1450 per
955 1357 1078 1425 alteros
1105 1360 1266 1426 iambicos

178 1476 370 1541 octonarios
390 1491 547 1565 quattuor
568 1472 610 1538 ad
631 1492 787 1565 quattuor
810 1475 956 1541 senarios
973 1477 1173 1566 perrexerit·
1197 1473 1268 1540 Sed

137 1659 140 1663 ,
180 1591 250 1657 hoo
275 1613 343 1656 non
368 1589 489 1654 mirum
512 1589 548 1654 in
574 1613 624 1667 eo,
651 1591 709 1682 qui
735 1588 927 1655 consimiles
953 1590 1066 1657 turbas
1092 1591 1266 1682 patieutis-

182 1708 270 1772 simo
304 1730 372 1798 per
411 1728 470 1770 sex
497 1721 530 1770 et
554 1705 668 1797 viginti
704 1706 907 1771 comicorum
941 1705 1066 1773 fabulas
1100 1708 1269 1772 stomacho

181 1821 394 1889 concoxerit..
429 1819 528 1918 'Vide
550 1838 678 1900 autem,
703 1846 783 1885 num
809 1847 827 1885 a
858 1845 956 1888 manu
979 1838 1096 1912 poetae
1126 1822 1266 1914 propius

180 1936 267 2001 haec
296 1936 413 2003 absint.

617 2068 842 2117 rArrrnrer.

285 2166 334 2231 Te
359 2161 613 2257 exspectabam:
644 2181 696 2228 est
718 2157 760 2228 de'
787 2180 846 2227 tua
861 2187 910 2240 ,re
920 2212 932 2242 ,
955 2158 1047 2255 qnod
1070 2186 1176 2253 ogere
1203 2186 1268 2252 ego

778 2271 887 2343 tectim
915 2279 970 2344 vol
992 2325 1001 2345 .

284 2391 376 2464 De'di
400 2418 552 2486 oporam,
578 2420 622 2461 ue
640 2420 693 2461 nro
713 2391 785 2460 c'sse
804 2392 945 2459 oblitum
963 2388 1062 2459 dicas
1085 2409 1164 2458 tuae
1180 2417 1272 2482 gna-

782 2527 839 2573 tae
863 2507 1016 2574 a'lterae:
1113 2573 1116 2578 ,

290 2619 370 2694 Tibi
383 2651 445 2719 ¹me
477 2629 600 2716 opinor
635 2619 804 2691 inuenisse
832 2617 978 2714 dignum
1011 2640 1045 2687 te
1077 2639 1180 2715 atque
1211 2621 1273 2688 illd

783 2743 897 2805 virum.

632 2870 838 2924 omniura.

289 2969 402 3055 Perii,
428 2975 544 3040 Dave:
570 2966 613 3036 de}
637 2995 710 3036 meo
738 2994 854 3036 amore
880 2995 922 3037 ac
946 2965 1016 3040 vita
1040 2965 1164 3059 [nunc]
1198 2971 1273 3037 sors

781 3081 923 3152 tollitur.

644 3223 840 3290 consutus*

239 3321 260 3387 5
285 3314 366 3388 No'u
390 3343 481 3386 trooa
506 3323 613 3384 istaec
639 3311 722 3382 mihi
746 3315 902 3383 condicio
928 3334 1000 3394 est,
1025 3312 1056 3383 si
1082 3318 1270 3394 voluissem,

783 3431 971 3526 Pa'mphile.

408 3634 410 3639 Ι
628 3568 831 3616 anmNVs.
1151 3568 1162 3603 t

284 3660 426 3745 'Occidi
451 3666 558 3731 Dave.
649 3725 651 3729 .

662 3797 798 3847 nAVos

388 3887 452 3962 ‘Ah
478 3917 588 3959 mane.

627 4029 831 4074 CHARINVS.

557 4106 662 4190 Perit.

643 4259 824 4308 curuatas.

585 4357 634 4426 Id
658 4349 874 4449 quamobrem
900 4374 972 4419 non
999 4351 1100 4431 volui,
1124 4349 1274 4448 eloquar.

1403 4450 1419 4495 r
