2872 4942
197 361 270 426 502
415 383 480 423 ιιιι.
507 381 549 424 ne
574 379 719 425 evasero
748 373 923 423 seruentur
951 375 1077 423 ornere

196 555 373 640 Quint
400 553 771 622 sportarum
798 551 919 618 ont.
945 518 1269 625 corruimus

194 669 365 762 et'Qutd
385 675 454 759 ais,
462 687 500 741 tu
507 665 580 757 (en
606 665 710 754 tun?)
696 665 888 754 )omnium
912 667 1088 737 temtum
1113 676 1270 735 eatenu-

194 813 256 854 me.
295 788 334 852 In
360 744 499 855 Palll'lt
526 785 579 855 ed
570 812 647 879 ..pr
674 803 725 852 est
754 783 847 875 Quid
871 800 909 854 tu
934 783 1143 984 liginum
1136 787 1272 853 omnium

1079 896 1170 984 )in
1196 900 1273 993 Line,

197 1019 291 1111 Quid
315 1035 351 1085 tu
378 1023 527 1086 emerium
552 1017 780 1085 hominumd.
806 1016 945 1084 Vides
934 1019 1055 1108 rgitur
1061 1015 1168 1083 home
1187 1014 1273 1115 gulgo

248 902 325 989 (nisi
353 903 445 996 quod
467 905 550 971 Dec.
574 902 767 982 hominem,
794 899 847 967 ed.
873 926 925 994 pr.

192 1136 414 1227 praemissum
442 1134 596 1203 codicum
622 1134 691 1201 fide
720 1133 874 1206 destitui:
913 1132 1040 1225 alioqui
1060 1118 1272 1199 nouieleom·

191 1250 293 1319 mode
320 1252 463 1318 scribas:
494 1251 587 1342 Quid
611 1244 688 1317 ais?
714 1266 787 1330 tun,
813 1249 912 1317 homo
936 1249 1113 1315 hominum
1129 1244 1272 1318 Amnius

193 1386 216 1439 t.
267 1368 422 1435 Proximo
446 1393 544 1435 versu
572 1383 606 1436 te
632 1367 771 1436 secessit
797 1364 927 1449 ePall.‚
951 1388 1017 1458 pro
1043 1389 1119 1465 qun
1141 1380 1179 1431 tu
1194 1366 1269 1461 Life

193 1482 239 1550 Se
265 1499 448 1550 extenture
473 1481 608 1551 videtur
630 1480 825 1549 tantundem
843 1505 914 1549 csse
933 1505 972 1549 ae
990 1504 1028 1547 se
1045 1481 1189 1572 inflare,
1212 1477 1269 1549 sict

195 1595 283 1666 breis
310 1599 463 1664 macheu.
514 1597 702 1669 Cigtemen
724 1596 845 1664 Bacch.
871 1596 930 1674 IV,
945 1597 979 1677 2,
998 1597 1037 1663 r:
1063 1595 1184 1661 alieno
1198 1598 1269 1666 ntes·

197 1729 273 1778 treas
298 1730 456 1784 extentes
481 1702 579 1783 esdo-
631 1748 678 1763 -
724 1714 789 1780 Vv.
817 1714 867 1785 67
880 1736 957 1805 sqq.
992 1711 1030 1777 in
1059 1711 1268 1781 Ambrosiam

192 1853 332 1921 prorsus
362 1828 521 1897 everides
555 1831 621 1895 iam
653 1829 818 1921 attigimus
856 1853 929 1920 cap.
956 1827 998 1907 II,
1031 1825 1060 1912 5
1090 1830 1124 1898 3.
1181 1825 1269 1895 Nimis

196 1944 311 2037 inepta
337 1963 414 2012 sunt
439 1970 524 2039 quse
548 1970 566 2011 e
590 1943 768 2017 codicibus
790 1943 946 2037 profecte
970 1941 1159 2034 vulgantur,
1186 1963 1265 2037 quau

194 2062 315 2152 quibus
356 2059 545 2155 singillatim
586 2059 788 2153 exagitandis
827 2085 963 2153 operam
998 2058 1157 2150 perdam.
1214 2057 1269 2123 Nee

128 2219 131 2224 ·
195 2176 255 2244 lias
284 2176 425 2270 quidem
457 2175 592 2247 lacunas
627 2175 811 2270 supplendi
845 2201 951 2277 opem
982 2173 1074 2247 Italis
1114 2172 1264 2261 successit

197 2295 256 2386 qui
282 2320 460 2361 vacuorum
485 2295 668 2386 spatiorum
693 2291 875 2359 intervallis
888 2292 1050 2386 neglectis
1077 2320 1106 2359 v.
1122 2290 1170 2362 68
1195 2282 1266 2385 quod

196 2432 261 2500 pro
287 2433 353 2500 quo
378 2388 583 2503 posuerunt,
627 2407 710 2475 nihil
749 2426 889 2499 egerunt
920 2435 950 2479 v.
978 2406 1037 2492 69,
1062 2437 1093 2478 v.
1121 2418 1169 2484 70
1198 2411 1268 2504 Quoi

197 2528 233 2591 in
258 2527 352 2615 Quin
376 2542 501 2593 mutato
522 2524 748 2616 ροιίιιιίἰιιιιιΑ
771 2526 991 2592 inseruerunt.
1011 2560 1053 2573 -
1082 2528 1124 2596 V.
1135 2527 1182 2598 63
1204 2527 1263 2595 dua·

197 2668 271 2708 rum
295 2640 479 2709 lectionum
506 2644 598 2733 optio
626 2639 702 2707 data
727 2659 796 2707 est:
823 2641 888 2707 ltoe
914 2640 1014 2709 verbo
1037 2647 1144 2735 eripis
1170 2663 1201 2713 et
1220 2644 1265 2709 ite

201 2755 336 2822 verbum
362 2761 473 2847 eripit.
524 2755 614 2824 illud
648 2782 724 2822 cnm
753 2756 967 2823 Ambrosiani'
999 2761 1196 2830 auctoritate
1225 2757 1264 2823 de«

199 2871 294 2945 leudi
320 2871 481 2952 videatur,
504 2891 540 2939 nt
563 2874 597 2939 in
625 2897 692 2965 quo
720 2890 904 2964 appareant
929 2874 984 2939 ER
1007 2922 1070 2941 ...
1099 2877 1125 2944 S
1149 2875 1265 2949 litteren

200 2984 344 3053 alterum
371 3006 480 3054 tamen
507 2989 603 3068 ratio,
630 2990 658 3054 si
685 2988 768 3081 quid
792 2988 901 3070 video,
928 2990 1052 3057 evincit
1069 3017 1186 3058 verum
1208 3013 1266 3065 esse,
1307 3062 1309 3073 Ι

203 3101 425 3196 ducimurquc
448 3129 488 3170 eo
513 3103 740 3170 palatinorum
765 3106 935 3198 vestigiis,
970 3131 1114 3198 quorum
1148 3111 1184 3175 in
1206 3110 1263 3175 Det·

203 3236 252 3283 cst
275 3217 339 3284 l'toc
366 3219 468 3285 verbo
490 3224 602 3312 cripit,
630 3220 723 3314 quod
746 3223 869 3289 mirere
894 3221 1016 3293 Bothio
1042 3222 1229 3314 placui-sse,
1245 3220 1271 3289 lu

204 3333 278 3399 Vct.
305 3333 369 3399 lcoc
396 3335 496 3401 verbo
522 3340 659 3427 eripite,
676 3360 679 3367 ·
695 3335 758 3402 sed
792 3354 828 3404 ut
850 3356 1034 3407 exuentem
1062 3363 1081 3405 e
1107 3343 1151 3407 sit
1173 3367 1190 3407 c
1216 3361 1272 3406 eor«

203 3436 347 3515 rectura.
372 3483 418 3496 -
452 3451 580 3517 Versus
607 3453 671 3529 73,
700 3475 741 3518 eo
767 3475 835 3544 quo
860 3477 949 3519 nunc
977 3469 1027 3522 est
1051 3451 1135 3523 loco
1157 3481 1218 3522 nec
1235 3449 1273 3523 Pl*

205 3563 285 3629 stori
312 3588 375 3630 nec
399 3565 520 3631 Bothio
545 3564 729 3637 tolerabilis
746 3569 843 3647 visus,
867 3586 1024 3660 potuerat
1037 3569 1177 3661 quidem
1200 3571 1277 3638 eu‘sm

205 3693 282 3744 ante
310 3705 338 3745 v.
367 3682 412 3753 77
440 3679 528 3748 salve
550 3684 711 3749 sententia
738 3682 912 3749 collocari:
940 3703 1148 3776 postponere
1172 3687 1278 3753 iccirco

199 3790 324 3872 malui,
350 3810 386 3859 ut
411 3818 481 3860 non
506 3794 718 3868 mediocrem
746 3800 1003 3867 constructionis
1027 3797 1186 3871 duritiem
1209 3797 1277 3865 leni-

194 3931 287 3988 rem,
315 3935 379 4001 qua
406 3936 424 3975 a
451 3913 547 3979 tertia
570 3911 612 3977 ad
639 3911 777 3984 alteram
805 3938 985 4005 personam
1012 3938 1122 4007 neone
1149 3916 1279 4006 particu-

206 4019 258 4089 lae
282 4024 414 4093 vinculo
442 4028 650 4095 transiretur:
678 4034 810 4096 nesci
818 4046 832 4096 t
846 4065 911 4105 -,
930 4054 1057 4124 neque
1083 4047 1125 4104 te
1149 4033 1282 4099 taetrio-

208 4159 280 4203 rem
304 4138 380 4204 vidi.
412 4144 540 4224 Quanto
570 4145 660 4211 cuim
684 4146 879 4212 concinnius
898 4146 983 4213 hacc
997 4149 1084 4215 inter
1105 4174 1141 4214 se
1157 4159 1280 4214 cocum:

209 4264 245 4315 tu
268 4253 359 4318 solus
387 4291 432 4303 —
455 4256 570 4333 clatos,
598 4283 706 4351 neque
730 4278 763 4327 te
790 4266 989 4329 taetriorem
1016 4263 1168 4329 vidtr—
1195 4259 1282 4331 V-lS

210 4381 380 4436 veterator
420 4398 527 4468 neque
555 4402 573 4444 e
621 4379 879 4472 corruptissimis
911 4380 1057 4474 vestigiis
1092 4377 1287 4455 Camerarius
