2872 4942
550 357 579 400 X·
625 354 667 398 D!
690 356 819 400 oenum
847 356 950 401 ΙΧΙῚὟ

203 531 278 599 satis
304 547 381 621 apte
401 527 553 621 proferri
578 544 728 620 apparet,
755 543 867 595 tamen
891 504 1075 620 idipsum,
1105 525 1204 621 quod
1227 531 1289 594 Da·

201 627 260 712 rus
293 644 406 712 faeere
440 642 624 719 Charinum
658 644 820 724 iusserats
856 667 925 711 non
957 643 1038 711 fieri
1068 645 1197 711 mirum
1230 665 1291 712 est:

203 785 315 854 neque
341 760 431 827 enim
456 761 582 851 gratiae
607 759 697 829 ullae
718 777 870 853 aguntur.
906 760 1014 844 Quam
1040 786 1120 827 rem
1146 764 1174 828 si
1191 787 1209 827 e
1229 785 1292 828 mo-

202 877 295 944 ribus
321 877 545 944 Romanorum
570 854 762 956 bominum,
797 874 914 970 quales
947 876 1293 971 comiei‚repraesen-

204 1010 330 1071 terunt,
355 994 586 1072 aestimamus,
614 992 721 1060 omitti
743 991 838 1059 nuile
864 989 966 1059 modo
992 990 1155 1061 decebat.
1206 992 1293 1068 Alte·

205 1132 280 1175 rum
302 1109 368 1176 hoc
392 1127 452 1190 est,
479 1106 572 1202 qnod
596 1135 683 1203 quae
709 1126 778 1176 tum
801 1107 961 1203 deinceps
986 1126 1140 1203 aguntur
1162 1127 1234 1176 tum
1259 1134 1292 1176 ex

204 1240 300 1316 parte
323 1227 421 1292 etiam
446 1244 558 1305 antea,
593 1250 663 1295 non
688 1226 766 1292 satis
790 1243 1015 1293 consentanea
1042 1250 1122 1292 esse
1149 1225 1291 1318 reliquae

204 1339 336 1425 fabulae
367 1344 563 1434 argumento
589 1340 756 1441 viientur.
820 1340 905 1406 Nam
938 1357 973 1406 et
996 1339 1095 1433 qnod
1124 1367 1155 1409 v.
1184 1342 1206 1409 5
1233 1365 1293 1409 non

206 1457 270 1527 sibi
298 1480 419 1527 novam
453 1480 528 1525 esse
557 1459 653 1524 istam
694 1455 928 1526 condicionem
960 1455 1133 1526 Chremes
1168 1459 1232 1539 ait,
1268 1475 1294 1524 et

208 1569 301 1664 qnod
334 1573 440 1640 amice
470 1597 506 1638 se
528 1573 667 1640 antebac
701 1597 774 1639 esse
802 1572 975 1639 Chremeti
998 1572 1159 1639 habitum
1185 1572 1295 1643 Chari-

207 1710 268 1753 nus
291 1685 374 1755 dicit
396 1715 425 1754 v.
450 1688 504 1767 15,
532 1706 565 1756 et
590 1686 683 1781 qnod
707 1689 783 1780 ipse
801 1686 967 1754 Chremes
993 1712 1024 1755 r.
1042 1691 1090 1760 18
1118 1707 1233 1758 semet
1252 1706 1296 1756 te·

208 1821 311 1870 statur
338 1804 400 1872 etsi
425 1803 570 1895 alienum
588 1802 607 1870 a
625 1804 771 1873 Charino
799 1820 911 1872 tamen
936 1803 1046 1896 magni
1065 1828 1295 1896 temperentia

208 1917 340 1987 secisse:
367 1920 488 1987 horum
513 1922 661 1988 omnium
685 1921 721 1986 iu
746 1921 819 2013 ipsa
841 1917 952 1987 sabula
976 1917 1063 1986 adeo
1086 1919 1227 1989 nulium
1247 1931 1317 1987 re·'

209 2035 342 2127 arigium
368 2054 480 2116 exstat,
505 2055 542 2103 ut
563 2061 606 2102 ne
628 2037 694 2105 boe
720 2034 870 2128 quidem,
897 2061 976 2103 num
1002 2035 1149 2103 omniun
1171 2036 1295 2104 noverit

211 2149 378 2219 Chremes
406 2151 599 2233 Charinum,
624 2151 680 2219 rel
705 2176 774 2218 uno
798 2152 906 2219 verbo
929 2150 1152 2244 significetur.
1177 2188 1179 2193 r
1204 2148 1295 2238 Quod

206 2265 319 2371 ipsum
343 2292 412 2336 non
434 2268 622 2335 dubitamus
648 2266 730 2336 iude
746 2285 911 2361 repetere,
939 2265 1034 2360 qood
1053 2266 1202 2335 Charini
1223 2292 1294 2361 par-

210 2397 260 2449 tes
283 2386 452 2461 universas
474 2384 594 2455 latinus
619 2404 719 2478 poeta
747 2409 817 2450 non
844 2409 864 2450 e
889 2384 1024 2450 Graeco
1049 2383 1216 2477 exemplo
1237 2400 1295 2449 tra·

211 2496 326 2580 duxit,
357 2501 416 2568 sed
452 2500 627 2570 tramlatae
659 2528 678 2567 a
702 2526 737 2569 se
761 2499 980 2569 Menandriae
1005 2498 1148 2567 fabulae
1173 2499 1219 2568 de
1242 2522 1294 2566 suo

211 2613 361 2686 addidit:
386 2616 423 2683 id
449 2616 542 2710 quod
564 2620 700 2685 Donato
725 2615 811 2685 duce
832 2615 1000 2683 subtiliter
1024 2625 1230 2707 persecutus
1246 2605 1295 2681 'est

211 2733 393 2802 Granertus
420 2760 453 2827 p.
467 2734 539 2803 193
553 2759 627 2827 sqq.
640 2731 674 2818 *)
705 2731 776 2800 Sed
802 2749 907 2811 ntea,
935 2755 1080 2824 quorum
1108 2732 1242 2799 nullum
1265 2731 1293 2794 in

128 2876 137 2889 ‘
211 2848 283 2942 ipsa
310 2850 422 2919 fabula
443 2850 622 2930 indicium,
652 2867 808 2942 tanquam
840 2847 993 2914 omnibus
1018 2865 1096 2914 nota
1127 2851 1165 2914 in
1191 2847 1294 2914 ultima

212 2987 312 3031 scena
343 2983 703 3046 commemorarentur,
743 2963 780 3030 id
811 2986 891 3029 vero
925 2987 994 3028 non
1028 2960 1236 3029 adducimur
1265 2976 1293 3024 ut

215 3083 417 3151 commisisse
445 3083 641 3149 Terentium
664 3078 856 3177 credamus,
894 3078 953 3170 qui
985 3086 1115 3145 stimma
1138 3096 1212 3144 arte
1238 3078 1293 3142 sin·

212 3195 306 3289 gulas
340 3197 526 3266 fabularum
560 3215 672 3292 partes
704 3195 847 3263 invicem
881 3195 945 3262 sibi
973 3190 1094 3258 relatas
1133 3194 1292 3286 aptissime

211 3328 351 3379 nectere
375 3311 491 3381 soleat.
544 3317 760 3405 Quapropter
795 3335 871 3376 eum
903 3332 1006 3400 saepe
1040 3311 1208 3400 repetitas
1235 3309 1290 3372 Te-

212 3428 379 3495 rentianas
401 3428 528 3495 fabulas
557 3430 655 3497 etiam
671 3444 804 3495 mortuo
826 3442 927 3516 poeta
953 3439 1093 3501 constet,
1124 3448 1169 3490 eo.
1193 3423 1287 3516 potius

213 3540 352 3609 inclinat
384 3543 528 3621 animus,
562 3561 598 3609 ut
630 3568 693 3635 per
716 3538 878 3608 eiusmodi
914 3537 1131 3605 occasionem
1159 3538 1289 3630 aliquan
1333 3530 1335 3539 ’

213 3657 299 3727 alius
320 3677 452 3751 poetae,
480 3657 544 3727 sed
568 3658 658 3726 hand
681 3657 787 3727 multo
812 3653 1019 3748 posterioris,
1043 3677 1149 3719 manu
1174 3666 1285 3719 resecto

212 3777 357 3867 pristino
383 3773 515 3841 sabuia'e
542 3776 631 3843 exitu
655 3798 727 3841 eam
754 3797 891 3839 scenam
916 3768 1081 3838 adiectam
1107 3771 1284 3842 habeamus,

215 3917 281 3985 qua
303 3890 407 3958 levius
432 3892 565 3961 tractari
590 3892 728 3961 Charini
761 3890 894 3982 nuptias
921 3887 1141 3979 querentium
1168 3881 1284 3952 deside-

214 4010 265 4074 rio
290 4007 472 4074 satisfieret

207 4121 502 4138 m-

264 4157 295 4220 1*)
316 4154 405 4216 immo,
424 4153 493 4221 quod
511 4152 614 4205 Charini
635 4159 721 4219 partes
740 4150 877 4204 Terentius
894 4162 948 4199 nnn
972 4161 1004 4198 ex
1026 4146 1127 4197 Andria
1155 4141 1280 4200 iterandis

313 4224 438 4286 traduxit,
466 4224 511 4276 sed
531 4225 590 4275 huic
616 4223 713 4274 addidit
732 4239 746 4275 e
766 4222 913 4274 Perinthia:
942 4217 969 4269 id
988 4216 1059 4288 quod
1080 4218 1205 4270 subtilius
1223 4218 1280 4267 etian

315 4303 406 4346 contra
424 4294 573 4346 Granertunr
593 4293 620 4345 G.
640 4294 727 4346 lhnius
747 4295 773 4344 in
787 4294 893 4358 Quaeri.
907 4290 1009 4342 Terent.
1029 4287 1280 4343 demonstraritbon-

316 4382 366 4417 nae
385 4380 409 4420 a.
432 4366 499 4418 1843
517 4367 601 4416 editis.

605 4464 905 4481 Μ
