2872 4942
510 379 731 424 procerumve.
1087 353 1155 427 421

175 555 286 645 Quom
311 557 343 619 si
363 551 411 618 od
434 553 623 644 sepulcrum
647 570 780 619 mortuo
806 553 897 622 dixis
918 559 1020 621 iocos.
1035 553 1067 640 *)

171 669 248 737 Sed
266 687 380 734 autem
404 694 505 762 qrrom
531 669 591 735 illa
613 694 761 762 utrquam
784 673 866 736 meis
893 672 1094 763 opr'tlcrtt'iis¹

175 785 345 852 Romentc
360 784 434 876 flat
457 789 601 877 gravior
626 802 687 850 out
709 789 926 878 propensior,

177 884 273 967 Mori
294 925 345 966 me
371 901 486 967 malim
513 905 744 967 excruciatum
770 905 897 993 iuopia.

173 1017 341 1103 Profecto
367 1014 524 1082 stabilest
550 1042 601 1082 me
624 1020 721 1110 patri
744 1041 865 1099 citrum
887 1016 1043 1084 reddere.
1111 1023 1158 1092 ‘25

172 1130 304 1197 Eadem
329 1131 490 1214 exorabo,
516 1133 683 1224 Chrysalo
710 1157 812 1227 carrso
843 1158 919 1199 mec

173 1242 283 1314 Pater
309 1272 352 1312 rte
379 1265 504 1314 noceat
530 1273 596 1314 neu
622 1248 705 1339 quid
729 1253 762 1314 ei
784 1265 984 1315 suscenseat
1007 1275 1035 1314 e.
1063 1273 1095 1341 q.
1121 1276 1148 1314 s.

131 1385 203 1425 rum
229 1385 382 1427 versuum
414 1359 557 1433 lli-18
583 1382 615 1429 et
641 1365 787 1433 ‘tt-‘25
826 1364 979 1430 Osannus
1011 1364 1159 1456 geminas

134 1494 186 1541 tes
215 1501 288 1541 esse
316 1476 458 1569 duplicis
484 1480 688 1545 recensionis
725 1481 855 1545 censuit
888 1506 921 1571 p.
947 1482 1037 1555 901,
1075 1460 1173 1544 niele

131 1589 188 1656 ‚uli
221 1593 425 1682 grammatici
458 1591 567 1659 studio
592 1597 627 1658 in
650 1594 771 1660 nostris
807 1592 1052 1686 exemplaribus
1081 1619 1162 1661 con-

290 1742 362 1754 ιι-ὀ

131 1828 151 1893 ⁵)
175 1823 241 1875 dicit
253 1823 324 1873 locor
343 1819 418 1871 elleci
436 1834 468 1870 ex
487 1818 647 1870 Ambrosieni
666 1819 791 1884 scripture
811 1820 905 1872 tieem
922 1821 1000 1871 iocos.
1036 1819 1082 1871 Est
1093 1822 1162 1872 enim

183 1916 246 1969 illud
265 1917 330 1968 cisti
347 1930 393 1982 pro
415 1919 472 1981 ipso
495 1914 606 1966 curent:
628 1913 680 1965 vit.
701 1915 829 1966 Struvium
851 1914 883 1965 de
900 1913 967 1966 decl.
990 1923 1016 1966 et
1034 1917 1102 1966 coni.
1116 1914 1161 1966 let.

177 2029 204 2081 p.
228 2012 285 2064 176.
325 2009 410 2076 Vulgo
430 2024 444 2059 e
462 2007 569 2076 reliquis
590 2007 662 2058 libris
684 2007 767 2059 editur
788 2009 858 2061 dicat
877 2011 969 2061 iocum.
1003 2040 1034 2052 -
1073 2011 1159 2076 Supe-

178 2107 273 2160 riorem
293 2121 395 2158 versum
415 2105 522 2156 Palatini
542 2103 647 2156 codices
667 2106 705 2155 sie
726 2106 847 2172 scriptum
868 2105 1006 2156 exhibent:
1028 2105 1087 2157 Tum
1105 2123 1162 2157 nrm

176 2204 242 2254 milri
268 2199 349 2252 nihilo
373 2199 457 2269 pluris
480 2202 584 2267 referet.
630 2197 817 2252 soloecismum
846 2209 873 2250 ut
899 2198 1002 2252 tolleret
1033 2201 1161 2268 simulque

180 2297 330 2350 consuleret
350 2296 456 2360 versui,
475 2294 635 2347 Camerarius
656 2295 804 2363 corrigebat
825 2295 883 2347 Tum
903 2313 960 2347 eum
975 2313 1033 2348 mee
1051 2297 1116 2348 ittet
1134 2313 1161 2348 rs.

174 2394 215 2466 pl.
233 2411 268 2456 r.‚
288 2393 423 2459 secutique
441 2399 501 2442 sunt
517 2393 676 2442 recentiores
694 2405 792 2443 omnes.
829 2391 884 2442 Non
906 2401 990 2444 eutem
1000 2409 1059 2444 mea
1074 2393 1160 2460 potius

174 2505 252 2558 quam
270 2505 317 2540 sua
335 2487 462 2554 efflagitat
479 2488 623 2539 sententie:
655 2487 744 2552 donn,
762 2504 839 2539 wunn
856 2487 915 2539 ilrr
934 2489 981 2540 dus
999 2477 1161 2541 nielt'melrr

178 2585 266 2652 lrelfen
284 2584 360 2648 wiri,
383 2583 556 2635 alsecense.
576 2599 600 2650 q.
622 2599 643 2634 s.
679 2581 839 2667 Fruudjluit
856 2584 927 2646 ruiti,
945 2584 1014 2652 quod
1034 2599 1048 2635 e
1068 2585 1160 2651 proxi-

175 2696 219 2732 mo
237 2679 318 2730 nitito
338 2687 421 2730 ortum
442 2694 501 2730 esse
520 2678 704 2730 Ambrosianus
722 2677 796 2739 iidem
816 2679 896 2743 iecit,
920 2681 946 2730 in
964 2695 1015 2748 quo
1034 2680 1065 2731 alr
1086 2681 1158 2730 initio

174 2772 514 2838 TvnQuonttnntortu
534 2780 636 2840 etpost
654 2772 710 2825 xlv
727 2772 770 2824 vel
791 2774 850 2826 XVI
871 2765 1011 2825 litterarum
1028 2774 1157 2825 intervel-

178 2872 232 2922 lum
254 2869 380 2922 uerter
398 2869 451 2937 legi
471 2870 561 2936 potuit.
589 2868 623 2920 Et
642 2868 693 2920 hoc
710 2877 817 2936 apparet
833 2869 881 2921 soli
901 2870 993 2922 calami
1012 2872 1091 2921 errori
1110 2870 1160 2922 de·-

178 2967 254 3016 heri:
274 2980 379 3032 prorsus
398 2967 464 3015 euim
486 2964 660 3015 necessarium
678 2963 790 3015 futurum
809 2972 909 3032 tempus
962 2966 999 3017 sb
1020 2967 1092 3017 initio
1111 2981 1160 3018 eu-

178 3069 230 3112 tem
251 3076 302 3110 non
319 3059 399 3110 luisse
419 3059 500 3111 nihilo
517 3059 610 3128 pluris,
630 3075 793 3110 numerorum
812 3062 876 3111 ratio
894 3054 994 3135 probet.
1040 3061 1097 3114 Pb:
1114 3079 1160 3112 re·

177 3158 245 3223 fert,
274 3155 436 3222 propioris,
464 3153 552 3204 eadem
579 3155 678 3205 ratione
697 3153 789 3204 dicitur
808 3171 859 3221 qua
878 3155 996 3220 multum,
1012 3154 1159 3224 plurimum,

177 3250 245 3300 nittt
264 3252 354 3316 refert.
392 3251 483 3300 Cicero
502 3264 549 3316 pro
569 3249 688 3312 Quinctio
708 3250 738 3313 V,
761 3249 808 3302 19:
838 3267 891 3301 non
908 3250 965 3318 plus
983 3268 1031 3301 suo
1051 3254 1160 3318 referre,

177 3361 254 3412 prtum
271 3346 301 3408 si,
320 3362 376 3396 cum
395 3346 542 3395 auctionem
559 3345 687 3409 venderet,
706 3345 834 3414 quidpiam
845 3347 1011 3413 promisisset.
1038 3347 1162 3414 Suuspro

176 3441 231 3491 eius
251 3439 429 3506 pervulgatum
447 3441 473 3489 iu
493 3439 611 3491 Plautino
629 3455 765 3502 sermone3
800 3443 882 3508 refert
904 3441 1002 3508 aliquit
1028 3443 1069 3492 erl
1095 3459 1162 3494 rem

178 3551 238 3586 cum
257 3534 318 3584 alibi
337 3534 416 3585 hebes
436 3543 488 3585 tum
507 3535 581 3602 Epid.
597 3534 631 3599 ll,
649 3535 736 3598 2,91:
757 3551 832 3601 quum
853 3536 887 3585 url
905 3552 959 3586 rem
977 3536 1044 3588 istuc
1061 3532 1192 3627 referti?

179 3637 206 3680 et
230 3629 302 3680 Pers.
322 3630 364 3692 lV,
384 3630 409 3693 3,
428 3629 479 3680 44:
511 3631 571 3696 quid
599 3631 626 3681 e'rl
655 3630 744 3680 adme
771 3638 816 3681 out
833 3629 867 3679 orl
884 3647 966 3680 rreum
986 3647 1040 3680 rem
1057 3627 1164 3697 refert?

182 3722 255 3786 Quae
274 3723 393 3790 exempla
411 3739 461 3774 non
482 3724 600 3791 neglexit
621 3722 763 3774 Freundius
782 3725 808 3772 in
826 3721 931 3788 lexico,
949 3723 992 3774 ubi
1013 3723 1163 3790 diligentius

177 3819 249 3869 vsrie
266 3821 348 3885 refert
365 3815 439 3869 verbi
461 3827 588 3870 structura
607 3818 751 3885 explicetur
768 3833 843 3885 quum
862 3817 922 3868 alibi
941 3817 1036 3868 fuctum
1050 3816 1171 3893 meni*

183 3914 305 3965 Ceterum
323 3928 375 3963 non
395 3929 437 3964 me
462 3913 545 3980 fugit,
567 3915 643 3964 etism
661 3913 725 3964 slies
745 3927 822 3978 posse
841 3912 992 3963 emendandi
1012 3914 1068 3963 viee
1087 3911 1176 4019 iniri}A

181 4024 232 4060 nec
251 4007 461 4067 dissimulandum
484 4018 524 4060 est
540 4008 639 4063 duobus
660 4007 800 4058 litterarum
818 4009 907 4074 spatiis
923 4007 979 4058 fere
997 4007 1087 4059 mediis
1108 4023 1164 4058 em-

185 4104 263 4170 higuu
286 4106 438 4170 apparuisse
456 4105 496 4156 tr
517 4104 656 4155 litterarum
675 4104 793 4170 vestigia.
829 4102 934 4154 Tantum
955 4112 1052 4154 eertum
1073 4112 1165 4168 est‚u

183 4214 247 4250 vero
269 4199 403 4259 aberrasse
418 4201 552 4271 'Haesium
581 4202 607 4249 in
628 4199 737 4265 Reisigii
755 4196 835 4249 schol.
857 4213 961 4265 gramm.
983 4214 1006 4265 p.
1026 4199 1095 4252 388:
1124 4201 1165 4250 cui

185 4295 324 4345 assentitur
343 4294 530 4347 Fleckeisenus
551 4295 640 4345 Exere.
661 4292 741 4345 Pluut.
763 4308 787 4359 p.
811 4294 850 4346 16.
867 4324 898 4334 -
937 4293 1074 4345 Praeterea
1092 4311 1115 4346 v.
1138 4296 1165 4347 li

183 4391 285 4442 correxi
305 4391 387 4442 sirone
406 4408 447 4443 me
468 4406 514 4460 pro
532 4393 591 4443 rito
609 4406 658 4454 me,
677 4387 745 4456 quod
763 4402 814 4438 non
833 4384 959 4456 intelligo.
1021 4392 1032 4417 ⁰
