2872 4942
414 374 554 421 lnnatltt
582 378 821 424 raannrnntr.
1077 359 1150 434 595

61 568 133 614 non
159 546 201 613 sit
225 543 380 641 dignum,
407 564 475 613 tum
502 573 546 614 ne
575 574 639 615 uno
668 549 806 643 quidem
834 550 986 644 exemplo
1014 553 1148 620 ostendi

59 662 194 738 potest,
218 646 298 714 tales
325 670 471 738 unquam
498 673 613 715 versus
639 675 657 715 a
684 652 959 741 posterioris
986 654 1146 720 aet-atis

60 762 197 829 homine
228 762 331 847 factos
359 787 449 829 esso:
488 787 571 854 quos
599 768 805 857 quantumvis
832 764 976 847 vellent,
1008 767 1147 860 pridem

60 872 308 944 dedidicissent
331 876 453 943 iacere.
494 877 636 946 Accedit
662 896 879 948 externorum
901 883 949 948 vis
975 907 1148 976 argumen-

61 1008 184 1059 torum.
233 989 353 1059 Aede
390 990 507 1060 fraude
541 993 667 1086 Guyeti
699 1019 762 1064 nec
795 995 962 1064 debuerat
992 997 1146 1091 plurimis

62 1108 107 1177 dc
134 1110 257 1177 caussis
283 1110 467 1177 Grauertus
491 1136 524 1202 p.
549 1113 620 1179 ‘203
647 1115 810 1206 cogitare,
843 1139 881 1180 ac
907 1114 1009 1182 multo
1036 1117 1145 1180 minus

62 1225 203 1317 eogitari
227 1248 317 1292 nune
342 1243 464 1318 potest.
530 1226 717 1294 Commode
746 1230 859 1308 enim,
881 1228 982 1322 &arod
1018 1229 1146 1296 addita·

60 1357 214 1435 guantum
240 1341 403 1426 sortasse
430 1365 448 1406 e
482 1357 594 1408 vetere
631 1342 778 1408 editione
812 1343 956 1434 quadam
996 1345 1144 1437 Guyetus

60 1454 229 1549 petierat,
265 1455 471 1549 (quanquam
494 1481 539 1523 ne
568 1456 637 1523 eius
665 1456 802 1550 quidem
830 1460 900 1541 rei,
932 1435 1026 1552 quod
1050 1478 1144 1528 recte

63 1589 299 1664 comparetm,
326 1571 433 1638 simile
463 1570 653 1664 exemplum
680 1575 860 1640 Grauertus
886 1568 1027 1661 attulit,)¹
1052 1599 1142 1642 nune

59 1685 190 1781 prodiit
215 1712 234 1753 e
257 1687 389 1755 duobus
410 1713 487 1754 mss.
513 1687 608 1754 libris
635 1689 710 1754 satis
736 1690 888 1781 antiquis.
922 1690 1017 1757 Idem
1034 1711 1143 1758 antem

60 1801 154 1897 quod
179 1804 302 1870 necin
327 1805 553 1872 vetustissimis
579 1803 693 1870 Italiae
721 1804 894 1872 codicibus
918 1824 1021 1873 exstat
1044 1810 1144 1872 Bem-

10 1986 27 2017 .·
58 1918 154 2000 bino,
180 1917 376 2001 Basilieano,
398 1920 580 1999 Vaticanis,
602 1920 839 1998 Ambrosiam,
866 1924 991 1988 necin
1017 1924 1139 1990 ceteris

58 2034 193 2115 Faerni,
213 2034 354 2114 Bentlei,
378 2033 590 2128 reliquorum
615 2034 793 2116 editorum,
820 2035 871 2101 vel
895 2037 927 2101 in
953 2036 1022 2104 ullo
1040 2063 1141 2130 prae-

60 2165 153 2215 terea
178 2148 452 2217 Germanicarum
469 2148 752 2216 bibliothecarum
767 2148 853 2215 libro
881 2149 1060 2218 videtur
1084 2178 1141 2223 cx-

57 2279 167 2346 stare,
204 2263 241 2331 id
275 2265 508 2346 memorabili,
544 2265 605 2331 sed
626 2263 724 2333 valde
751 2289 827 2332 raro
854 2263 1056 2334 documento
1083 2286 1142 2350 est,

58 2404 129 2448 non
154 2406 396 2474 usquequaque
423 2384 459 2448 in
483 2382 523 2447 iis
547 2379 666 2460 libris,
699 2407 783 2474 quos
811 2383 944 2449 omnino
970 2396 1143 2476 praestan·⁴

58 2497 205 2565 tissimus
231 2499 545 2591 antiquissimasque
573 2499 746 2590 cognoris,
772 2497 876 2564 fidem
903 2523 1035 2566 omnem
1058 2504 1143 2567 seri·

56 2614 167 2707 ptoris
194 2615 355 2708 cuiusque
384 2616 558 2694 contineri,
584 2613 644 2681 sed
662 2638 902 2707 nonnunquam
924 2617 1071 2683 etiamjn
1090 2619 1144 2681 in·

56 2730 192 2799 ferioris
224 2751 323 2798 notae
360 2729 531 2798 codicibus
561 2749 594 2797 et
619 2753 761 2822 quorum
793 2729 867 2796 fere
901 2729 1013 2797 nullus
1042 2756 1143 2824 prae·

56 2865 151 2917 terea
176 2871 263 2927 usus,
290 2844 470 2940 singularia
488 2845 651 2939 quaedam
666 2845 823 2937 reperiri,
850 2847 970 2938 quihus
998 2850 1143 2941 optimo·

56 2987 137 3031 rum
159 2965 320 3031 memoria
346 2965 478 3030 testium
494 2960 633 3029 notabili
651 2961 779 3028 ratione
802 2962 1006 3055 suppleatur.
1030 2966 1143 3048 Quan-

56 3104 161 3174 quam
185 3078 236 3145 illi
260 3083 325 3172 ipsi
352 3080 486 3147 codices
513 3077 593 3145 olim
605 3076 903 3170 Norimbergenses
927 3079 1042 3171 quanti
1068 3081 1142 3160 sint,

55 3193 170 3265 adhuc
196 3199 314 3288 parum
340 3197 513 3263 novimus:
539 3217 650 3286 neque
680 3195 768 3259 enim
796 3195 962 3286 epuucis,
990 3220 1071 3289 quas
1087 3194 1142 3265 vel

55 3311 207 3380 Murrius
233 3312 287 3378 vel
313 3311 540 3379 Doederlinus
566 3308 760 3394 attulerunt,
793 3311 968 3401 scripturis
1003 3313 1079 3378 satis
1106 3337 1145 3376 ea

54 3426 102 3495 de
122 3450 161 3493 re
189 3427 337 3495 iudicare
362 3426 450 3495 licet.
501 3424 742 3521 Progredimur
765 3441 874 3491 autem
899 3450 989 3492 nuno
1014 3425 1058 3492 ad
1082 3451 1141 3492 au-

53 3543 182 3635 tiquius
209 3545 306 3611 etiam
331 3543 398 3610 illis
424 3542 596 3611 codicibus
622 3535 869 3620 testimonium,
887 3540 980 3634 quod
1006 3557 1057 3619 apt
1073 3540 1144 3609 Do·

53 3659 137 3728 nati.
187 3659 272 3725 Eum
308 3661 397 3726 enim
428 3660 464 3725 in
495 3676 592 3751 parte
621 3674 713 3726 certe
739 3681 876 3724 suorum
903 3653 1144 3748 exemplarium

53 3770 192 3864 legisse,
219 3799 302 3868 quos
329 3797 419 3842 nune
444 3776 479 3840 in
504 3773 616 3842 lucem
631 3791 815 3865 protractos
837 3795 949 3837 versus
966 3770 1141 3859 habemus,

48 3886 249 3984 planissime
282 3915 324 3956 eu
356 3889 419 3958 hac
444 3890 657 3956 annotatione
691 3903 851 3979 apparet,
887 3908 986 3977 quam
1021 3885 1144 3953 mirum

54 4021 112 4074 est
133 4003 284 4097 priorum
318 4005 483 4073 editorum
518 4002 642 4070 nullius
677 4005 822 4068 animum
855 3998 1049 4068 advertisse:
1089 4001 1143 4070 Hi

54 4145 175 4190 versus
199 4121 373 4215 usquead
403 4121 519 4196 illum,
553 4135 735 4210 gnatam
759 4113 847 4183 tibi
874 4139 1006 4182 meam
1028 4112 1145 4184 Pti-

51 4239 272 4305 lumenam
297 4259 482 4316 uxorem,
505 4251 682 4325 negantur
707 4234 742 4300 T
738 4235 864 4298 orentii
875 4255 962 4308 esse,
988 4230 1077 4298 adeo
1102 4245 1142 4297 ut

50 4358 96 4421 in
137 4354 291 4444 pluribus
328 4351 575 4445 exenaplaribus
611 4349 708 4417 bonis
746 4371 819 4415 non
843 4350 1027 4433 ferantur.
1084 4346 1141 4418 Sia
