2872 4942
167 342 240 416 454
385 367 450 408 vut.
477 368 519 408 ne
544 367 689 409 rvnsaro
718 365 892 411 scentnvu
922 369 1044 412 onntnu

154 543 354 638 'longiorem
397 544 459 608 sibi
505 541 763 635 disputationem
802 544 921 635 poscit.
988 540 1169 611 Sciendum
1195 559 1231 608 est

168 663 269 738 enim,
297 660 355 751 qni
379 656 458 722 inde
485 685 502 722 a
528 659 722 725 Camerario
750 659 840 725 inter
862 661 924 739 Ill,
949 665 980 741 1,
1008 663 1054 730 70
1071 662 1160 727 ett‘t
1178 657 1230 724 col-

164 775 291 844 locatus
315 793 376 840 est:

264 914 325 957 Ta.
351 891 417 956 Eia
444 894 614 980 mastigia,
642 890 691 955 ad
708 916 760 956 me
776 890 862 957 redi.
904 913 961 958 Τιι.
988 895 1057 956 iam
1077 894 1151 956 istic
1170 913 1228 954 cro:

165 1033 239 1073 enm
266 1032 396 1074 versum
420 1032 488 1073 non
516 1006 570 1072 hic
596 1005 661 1100 legi
683 1008 718 1071 in
745 1008 930 1087 codicibus,
952 1005 1016 1072 sed
1041 1025 1119 1099 post
1143 1007 1194 1085 ΠΙ,
1204 1011 1230 1082 l,

161 1124 218 1190 39.
246 1125 356 1215 Atque
382 1124 563 1214 generatim
588 1123 812 1189 consideranti
837 1122 936 1189 sacile
956 1138 1098 1215 apparet
1118 1121 1230 1188 omnino

161 1239 304 1304 alienum
332 1265 349 1302 a
380 1257 495 1302 neutra
531 1264 631 1304 scena
662 1265 743 1305 esse.
794 1238 877 1304 Nam
910 1256 1036 1304 tautum
1069 1239 1105 1302 in
1135 1253 1231 1329 aperto

70 1353 73 1364 '
163 1373 224 1432 cst,
248 1353 419 1419 inclamari
440 1353 507 1418 illis
534 1356 644 1420 verbis
671 1354 855 1446 digressum
882 1380 900 1419 a
926 1352 1231 1445 TheuropideTra-

161 1473 298 1537 nioncm
327 1488 360 1535 ct
382 1469 424 1534 ad
452 1495 544 1535 crum
579 1472 746 1538 revocari:
786 1471 953 1564 digressus
987 1489 1097 1536 autem
1126 1466 1230 1533 Tranio

162 1589 198 1650 in
223 1584 281 1650 illa
308 1611 407 1650 scena
439 1585 482 1650 ad
510 1586 671 1652 danistam
711 1606 793 1666 crat,
830 1585 874 1651 ad
908 1586 1080 1652 Simonem
1114 1586 1146 1649 in
1174 1584 1228 1648 hac.

164 1704 341 1766 Praeterea
376 1701 545 1767 fatendum
579 1720 628 1768 est
660 1705 702 1767 ita
740 1704 842 1768 verba
870 1719 1060 1793 comparata
1088 1726 1173 1780 esse,
1205 1712 1230 1760 ut

166 1816 321 1897 dssnexu
348 1841 417 1883 non
447 1820 489 1883 sit
514 1818 611 1883 nimis
635 1817 833 1884 timendum.
885 1818 969 1882 Nam
994 1816 1032 1881 id
1058 1817 1163 1908 ipsum
1180 1813 1230 1905 agi-

163 1951 218 1998 tur
241 1932 403 2024 prolecto,
431 1951 467 1997 ut
492 1935 599 1999 subita
618 1936 667 1999 eri
689 1933 926 2000 acclamatione
946 1932 1101 1998 sedulum
1117 1925 1231 2022 aliquod

162 2049 342 2114 Tranionis
369 2049 436 2115 sive
464 2075 539 2115 cum
566 2049 696 2116 danista
713 2051 784 2116 sive
806 2075 879 2114 cum
898 2049 1035 2116 Simone
1050 2046 1240 2140 colloquium·

161 2162 419 2255 interpelletur,
454 2190 568 2231 servus
600 2183 732 2247 autem,
770 2167 918 2258 quamvis
953 2190 987 2230 se
1015 2165 1230 2231 obsecuturum

161 2279 394 2371 respondens,
434 2299 546 2346 tamen
582 2283 617 2346 iu
648 2283 837 2373 intercepto
873 2305 1029 2346 sermone
1071 2298 1230 2372 parumper

126 2454 129 2459 ⁴
161 2413 289 2488 pergat.
351 2397 653 2464 Verumenimvero
675 2399 766 2465 bono
792 2416 913 2490 poetae
938 2397 1152 2490 quoniam'in
1175 2396 1230 2484 ipsa

162 2513 346 2579 imitatione
372 2516 455 2579 vitae
483 2514 699 2605 quotidianae
726 2533 836 2580 tamen
863 2513 948 2578 illud
977 2513 1158 2581 curandum
1188 2522 1230 2581 est,

162 2647 199 2692 ut
220 2655 264 2694 ne
291 2630 404 2720 inepte
431 2631 598 2710 imitetur,
632 2612 741 2733 im*
766 2655 834 2722 quo
868 2632 994 2721 agimus
1019 2654 1133 2695 versus
1157 2619 1227 2693 creti

163 2745 284 2834 nequit
316 2763 392 2834 post
425 2747 482 2824 ΙΙΙ,
511 2749 543 2823 2,
570 2749 617 2815 32
639 2746 765 2837 positus
792 2744 909 2811 fuisse:
943 2746 1002 2810 ubi
1038 2737 1228 2836 quidamvir

166 2861 293 2926 institui
329 2880 465 2951 coeptus
497 2886 606 2927 sermo
641 2860 798 2953 quidam,
824 2864 881 2953 qui
920 2885 988 2953 quo
1025 2860 1175 2927 evasurus
1202 2852 1229 2917 sil

164 2999 302 3066 prorsus
329 2973 436 3053 lateat,
460 2977 722 3068 interrumpatur
739 2978 1031 3069 importunissime.
1061 2974 1228 3060 Quodam

165 3089 377 3156 Camerarius
403 3117 481 3162 vere
508 3097 673 3172 sensisset,
696 3119 764 3160 non
782 3111 893 3158 tamen
913 3094 1072 3160 continuo
1099 3089 1226 3157 adalim

166 3229 299 3269 scenam
327 3207 507 3272 transferre
536 3207 693 3274 debebat.
745 3211 787 3273 Et
802 3228 968 3302 repugnat
981 3210 1090 3300 ipsum
1110 3221 1225 3271 metrum

166 3318 430 3386 evidentissime:
464 3323 546 3413 sugit
574 3326 661 3387 enim
687 3323 800 3402 illum,
834 3324 1036 3390 trochaicam
1065 3336 1227 3388 mensuram

165 3439 220 3498 eia
242 3435 437 3526 particulam
470 3464 614 3529 aequare
650 3456 682 3502 et
705 3458 848 3504 accentu
871 3439 1138 3531 irs-paenultima
1159 3449 1227 3499 nott·

166 3548 252 3635 1·i*):
279 3577 297 3616 e
325 3575 392 3643 quo
420 3555 634 3645 consequitur
660 3580 727 3620 non
753 3557 931 3623 iambicum
956 3580 1089 3622 versum
1113 3577 1186 3629 csse,
1206 3557 1228 3606 11¹

216 3748 246 3819 ²¹⁵)
265 3748 346 3798 Vnum
371 3757 410 3798 est
428 3750 496 3819 quod
513 3767 659 3817 repugnare
678 3753 780 3805 videtur
799 3754 944 3822 exemplu-nr
965 3755 1044 3807 More.
1062 3759 1094 3821 V,
1113 3756 1138 3820 4,
1156 3755 1194 3806 ³8:

309 3843 364 3894 tt.
383 3843 439 3893 Orc
456 3853 484 3895 ιιι
501 3847 618 3912 iynoscot
635 3847 733 3898 delictis
754 3851 808 3899 eius
826 3858 902 3916 utque
920 3850 1121 3903 adulescentiae.

304 3931 364 3984 DE.
383 3931 480 4000 Pergin
498 3941 524 3984 tu
542 3935 647 3984 autem?
673 3937 714 3984 eid
738 3937 844 4003 superbe
863 3937 1006 3991 incoluere?
1037 3957 1112 4010 spero
1133 3953 1172 4004 epo
1187 3921 1229 3981 ,ndi

663 4039 760 4088 quoquc

311 4107 412 4175 Tempus
432 4110 483 4159 tale
504 4119 652 4161 eventurum
670 4127 692 4162 c.
712 4130 737 4179 q,
760 4130 781 4162 s.

272 4199 337 4249 Nolo
361 4218 374 4250 c
395 4202 566 4254 collocatione
588 4207 730 4272 particulae
761 4210 949 4274 argumentari:
978 4209 1069 4263 lortius
1094 4207 1226 4261 conra¹¹¹⁶“

269 4297 365 4345 moriae
386 4297 437 4347 lide
457 4299 567 4352 adorior.
605 4300 659 4351 Nec
681 4304 748 4352 eninr
768 4305 810 4353 eiu
830 4305 871 4353 vel
888 4305 913 4354 in
934 4306 1029 4357 Vetere
1051 4304 1091 4354 rcl
1110 4305 1133 4352 in
1152 4299 1225 4348 Decut-

273 4395 325 4439 tato
344 4400 437 4458 exstat,
455 4394 499 4447 scd
518 4397 544 4450 iu
566 4396 616 4448 hoo
634 4399 744 4461 estleia,
764 4400 790 4448 in
808 4399 855 4449 illo
873 4401 930 4457 lino.
963 4400 1035 4452 Vnde
1056 4400 1175 4467 prolectas
1191 4385 1226 4436 ΙΙΙ·
