2872 4942
413 374 661 419 uosrctctruaa
689 374 883 420 rrtvrtutc.
1114 349 1185 422 469

145 582 190 624 nc
223 557 375 652 pluribus
408 560 579 654 persequi.
638 559 709 625 Nec
732 582 812 625 vero
835 560 864 624 is
892 586 909 625 a
937 583 1004 652 quo
1035 560 1187 651 proxima

141 700 194 740 inu
219 669 317 743 versu
341 677 491 744 orditur:
1039 756 1044 771 ‚
1071 768 1075 775 Ι

202 792 271 882 Qui
291 792 390 858 ltomo
417 791 555 860 timidus
576 793 643 857 erit
667 794 703 855 in
729 789 827 856 rebus
853 770 974 873 doliis,
997 774 1101 857 adiici
1114 815 1185 855 non

591 908 680 983 crit,

141 1023 226 1115 ,ippc
252 1025 287 1089 in
316 1023 435 1091 cadem
461 1028 495 1089 in
523 1050 588 1117 qua
622 1049 789 1090 versamur
826 1023 1038 1098 Ambrosiani
1066 1025 1186 1114 pagina

141 1139 249 1203 :imum
275 1138 387 1205 locum
415 1140 578 1219 obtinens,
606 1141 675 1204 eius
702 1162 820 1204 scenae
844 1161 912 1202 non
938 1135 1037 1201 fuisse
1056 1138 1183 1229 primus

141 1252 242 1322 letus.
304 1256 462 1347 Denique
494 1281 537 1321 ne
564 1257 727 1347 integram
758 1252 896 1346 quidem
932 1278 1064 1319 scenam
1097 1255 1186 1319 inter

141 1371 191 1448 ',3
215 1371 329 1451 etV‚t
356 1370 518 1436 excidisse
541 1369 608 1436 ullo
634 1369 733 1436 modo
759 1371 827 1434 veri
856 1385 905 1435 est
931 1367 1047 1434 simile.
1085 1369 1184 1451 Quod

168 1511 239 1552 esse
267 1485 361 1551 facile
388 1485 577 1578 intelliges,
614 1487 640 1550 si
674 1483 817 1577 singulas
851 1483 981 1550 fabulae
1014 1510 1184 1576 personas,

141 1599 183 1665 tid
208 1599 259 1666 vel
288 1601 415 1692 egerint
439 1600 491 1666 vel
518 1626 606 1667 nunc
633 1626 733 1695 agere
747 1601 885 1691 possint,
912 1566 1201 1690 perlustraveriss'

145 1741 162 1781 e
191 1715 279 1780 enim
306 1715 486 1807 quicquam
511 1715 679 1808 reliquum
706 1732 764 1794 est,
792 1712 884 1806 quod
910 1713 961 1779 vel
989 1715 1181 1805 Theuropi-

142 1854 156 1895 s
189 1830 339 1896 nondum
374 1832 596 1922 compererit,
634 1830 688 1897 vel
714 1829 756 1896 ad
788 1855 902 1896 rerum
933 1855 1017 1921 quac
1044 1849 1184 1922 aguntur

143 1945 252 2011 dinem
280 1948 569 2039 integritatemque
594 1972 654 2014 nos
682 1945 924 2012 desideremus.
1166 1968 1241 2053 j

220 2063 247 2127 E
274 2079 322 2129 tot
354 2064 454 2156 igitur
488 2065 654 2155 tantisque
690 2062 951 2127 dubitationibus
984 2085 1090 2153 ecquo
1118 2038 1182 2126 alii)

141 2176 444 2272 ido-emergemus‚
471 2181 536 2246 uisi
563 2196 597 2244 ut
623 2180 690 2244 eius
717 2180 798 2259 viae,
823 2180 914 2244 cuius
940 2179 1185 2311 nob'gwerita-

141 2319 165 2356 :n
190 2295 489 2387 necessitatemque
516 2320 654 2387 prorsus
679 2296 963 2386 persuaserimus,
992 2292 1183 2385 exemplum

142 2411 345 2500 oponamusl
396 2411 624 2476 Certissimum
651 2411 738 2474 enim
762 2435 832 2475 esse
860 2409 1081 2474 existimamus
1092 2454 1107 2486 ,·
1126 2434 1183 2474 eos

141 2524 158 2588 i
182 2526 269 2592 eirea
296 2526 364 2621 ΙΨ
380 2527 412 2607 3,
436 2527 483 2593 3‘2
505 2525 748 2605 interciderint,
774 2549 886 2591 versus
912 2525 1043 2590 circiter
1067 2524 1182 2588 XXIII

159 2648 220 2706 nna
247 2641 475 2733 Theuropidis
512 2642 723 2733 Simonisque
757 2639 974 2707 altereatione
1007 2664 1080 2706 esse
1107 2665 1183 2705 ver-

141 2769 185 2821 tos
204 2757 308 2850 eique
333 2758 390 2822 rei·
410 2755 495 2821 illud
518 2757 660 2850 spatium
687 2781 751 2822 nec
777 2757 895 2849 paru'm
932 2780 1002 2821 esse
1039 2781 1104 2821 nee
1131 2758 1183 2820 ni-

141 2828 233 2938 uull‘*
260 2871 359 2957 Quod
387 2890 422 2938 ut
437 2874 481 2938 ita
505 2898 539 2938 se
559 2898 680 2964 reapse
701 2873 827 2937 habere
852 2871 922 2938 aliis
940 2897 1077 2966 quoque
1101 2898 1183 2964 per-

141 2985 322 3068 aderemus‚
351 2986 537 3079 explendae
556 2986 692 3078 lacunae
709 2987 775 3053 hoc
801 2986 893 3079 quod
907 2987 992 3053 infra
1011 2990 1182 3080 posuimus

141 3102 285 3169 :ciculum
320 3103 476 3184 fecimus,
510 3127 579 3169 non
613 3101 728 3169 hercle
761 3100 847 3168 illud
883 3101 951 3169 ullo
978 3123 1077 3196 paeto
1106 3102 1182 3183 tale,

141 3216 190 3283 tod
214 3217 365 3284 Plautius
391 3237 459 3285 arte
484 3218 621 3310 dignum
646 3238 851 3310 putaremus,
878 3218 936 3284 sed
962 3219 996 3284 in
1012 3222 1182 3312 quantavis

141 3335 256 3401 unitate
286 3337 317 3402 ei
343 3354 455 3402 tamen
480 3361 544 3431 qua
572 3352 728 3428 opus-est
757 3333 1034 3403 demonstrationi
1058 3356 1181 3430 aptum,

152 3468 211 3517 nec
237 3453 417 3546 quicquam
451 3452 567 3544 inepte
597 3451 703 3518 moliti
731 3476 802 3517 esse
829 3478 892 3520 nec
914 3452 1086 3537 inutilibus
1113 3480 1182 3518 am-

141 3565 235 3656 >gibus
273 3592 389 3633 senum
428 3592 621 3636 sermonem
657 3567 787 3662 longius
817 3566 1016 3660 produxisse
1055 3568 1183 3636 iudica-

141 3699 214 3748 [nur.

193 3819 256 3866 Ta.
283 3794 451 3885 Prose'eto
476 3821 547 3862 uon
574 3797 710 3888 nega'bo
736 3797 872 3874 debere,
897 3795 932 3864 e't
955 3797 1064 3864 dabo:

193 3914 229 3980 T
224 3939 244 3978 ιι
272 3911 353 3980 ea've
379 3913 614 4006 quadraginta
640 3911 811 4005 decepisse
837 3915 917 3982 irinc
943 3910 985 3978 nti
1016 3939 1130 4005 neges.

141 4021 172 4096 ’ἃ
195 4051 244 4097 St.
275 4031 410 4120 Quaeso
438 4025 558 4120 ddepol
578 4027 626 4093 ad
650 4053 702 4093 me
725 4028 791 4096 lane
813 4024 928 4121 spoleta
955 4046 989 4095 et
1012 4027 1181 4121 responde'

590 4142 679 4208 milti.

141 4306 143 4315 .
194 4259 286 4325 Nam
319 4253 537 4351 qztamdbrem
572 4264 740 4349 occepisse
769 4248 808 4322 t'd
841 4283 892 4322 me
919 4275 1102 4346 ctrgcrttum
1126 4258 1179 4326 da·-
1217 4326 1220 4331 ,

579 4373 703 4438 ntitas?
853 4400 866 4425 ν
