2872 4942
163 325 236 400 494
369 354 436 400 vui.
487 355 528 397 na
555 355 704 400 rvaatro
726 356 896 402 scanaavn
919 357 1043 404 oantaa

150 501 286 591 heatus
311 527 433 590 crissi
456 524 618 591 clamabis
643 525 752 612 dixit)
786 524 875 610 Quid
902 526 1002 618 igitur
1029 548 1065 596 ct
1090 528 1224 622 qnando?

166 644 218 707 An
243 640 442 708 Philolache
469 639 665 707 clamaverat
690 661 782 708 extra
805 644 957 709 versum?
1017 644 1097 710 Nou
1126 647 1153 710 is
1181 645 1226 710 suit

51 837 55 846 ι
164 758 317 848 prolecto
346 781 417 823 mos
447 758 680 849 antiquorum,
715 777 751 824 ut
784 776 840 824 ant
871 756 991 849 plura,
1025 785 1125 851 quam
1158 786 1226 852 quae

164 875 244 967 ipsis
271 874 419 939 versibus
446 891 547 964 poeta
571 877 809 964 expressisset,
841 873 972 940 fabulae
1003 901 1168 968 personae
1189 876 1227 941 lo·

164 1008 359 1082 querentur,
383 1007 438 1054 aut
460 1014 544 1081 quae
570 989 611 1054 ah
637 990 688 1055 his
714 988 772 1056 ille
796 992 1005 1083 pronuntiari
1027 991 1150 1071 vellet,
1173 1016 1227 1069 aaa

165 1107 263 1172 etiam
289 1105 438 1170 versibus
465 1104 779 1197 comprehenderet„
838 1104 907 1173 Sed
933 1108 1044 1174 acrius
1071 1109 1165 1174 etiam
1188 1111 1226 1174 iu-

162 1238 296 1287 stamus.
346 1220 432 1285 Nam
456 1218 549 1323 Qud
576 1248 604 1287 v.
629 1222 677 1290 88
699 1221 941 1314 Theuropides
971 1222 1068 1314 Quid
1088 1224 1224 1290 Philola-

164 1338 294 1404 chetem
315 1336 360 1403 ait
387 1353 535 1428 gnatam
552 1337 731 1429 compellat
754 1335 899 1423 meam*)
927 1337 987 1406 Sic
1012 1355 1049 1405 et
1067 1330 1228 1435 praesenti

164 1454 229 1522 tibi
248 1456 348 1541 facit
382 1456 586 1532 convicium,
622 1451 708 1519 illud
745 1439 817 1546 quo·
845 1452 979 1519 tandem
1013 1453 1224 1548 spectandi·
1250 1514 1255 1529 ,

163 1570 299 1638 camus?
352 1548 681 1641 Corrssemoraverat
706 1567 832 1636 danista
859 1568 1225 1641 Philolachetisuomcr

162 1711 278 1754 secum
302 1683 431 1752 locutus
457 1711 486 1752 v.
509 1685 575 1753 33:
608 1683 671 1750 sed
694 1685 942 1752 Philolachetis
973 1710 1091 1751 eccam
1113 1709 1223 1753 servom

162 1804 350 1870 Tranium:
371 1800 452 1866 item
480 1824 497 1865 e
524 1801 696 1867 Tranione
717 1827 746 1868 v.
761 1796 808 1868 46
836 1802 1025 1894 quaesierat
1049 1800 1225 1894 simpliciter
1262 1840 1264 1857 ι

162 1915 221 1984 ubi
239 1914 458 1983 Philolaches
483 1932 550 1983 est:
592 1915 729 1983 illuciue
754 1917 854 2008 igitur
879 1919 1069 2008 respexisse
1090 1917 1225 1984 Theuro-

160 2032 275 2126 pidem
301 2049 381 2123 post
405 2030 625 2124 quadraginta
650 2057 804 2098 versuum
818 2030 1035 2098 intervallum
1063 2028 1224 2098 credibile?

159 2149 205 2216 Et
227 2166 264 2214 ut
287 2146 324 2213 id
350 2144 488 2241 quidem
513 2145 630 2214 credas
657 2145 863 2239 liberaliter,
885 2148 1041 2240 ipsumne
1067 2145 1223 2240 compellat

160 2266 299 2332 verbum
327 2287 367 2330 eo
390 2262 502 2351 valere
527 2280 641 2354 potest
665 2282 702 2330 ut
726 2262 810 2329 nihil
837 2264 878 2330 sit
901 2266 965 2330 nisi
990 2267 1131 2331 nomine
1152 2263 1223 2330 dice·

160 2404 211 2461 re,
234 2380 428 2447 nominatim
460 2403 745 2461 commemorare,
784 2405 827 2447 an
851 2380 886 2444 in
913 2405 990 2446 eum
1014 2380 1127 2472 potius
1156 2376 1222 2447 cadit

161 2521 222 2562 usu
255 2520 394 2589 prorsus
426 2495 614 2576 constanti,
652 2495 711 2588 qui
736 2494 913 2589 appellans
947 2494 1094 2590 aliquem
1126 2516 1221 2562 revera

160 2609 375 2703 alloquatur?
402 2610 451 2676 Ex
476 2609 654 2703 his'igitur,
675 2610 741 2676 uisi
751 2610 967 2676 vehementer
980 2608 1136 2691 fallimur,
1161 2633 1220 2678 cou-

160 2728 336 2793 sectarium
362 2725 429 2793 hoc
456 2744 522 2807 est,
555 2744 592 2793 ut
617 2725 738 2819 aliquis
764 2728 851 2792 inter
873 2752 902 2792 v.
930 2726 978 2795 59
1007 2745 1040 2793 ct
1066 2725 1114 2795 60
1139 2723 1219 2792 versi-

162 2838 254 2908 culus
280 2839 504 2928 interciderit‚
540 2866 643 2935 quem
674 2839 765 2907 velut
792 2842 858 2907 hoc
891 2840 1047 2934 exemplo
1083 2837 1219 2933 redipisci
1262 2906 1264 2915 ,

159 2957 278 3025 licebit
290 2984 297 3025 :

213 3108 261 3177 59
312 3127 370 3175 uA.
395 3107 475 3174 Iam
500 3106 613 3173 hercle
638 3096 703 3199 ego
730 3105 833 3172 illanc
849 3104 1043 3173 nomina'bo.
1078 3130 1133 3176 ra.
1156 3125 1219 3196 euge

755 3246 841 3312 enge
865 3217 1014 3290 strdnac.

310 3360 368 3407 oA.
399 3339 496 3406 Heus
527 3333 745 3412 Philolache,
779 3342 839 3402 esci
873 3337 938 3403 hac
973 3333 1085 3406 intas:
1114 3339 1220 3422 faena

750 3447 895 3518 re'cldito.

212 3568 259 3638 60
310 3592 367 3638 re.
395 3568 525 3637 Beatus
557 3591 635 3636 vero
665 3591 701 3632 es
740 3561 832 3633 ndrtc
867 3592 968 3662 quom
998 3569 1134 3637 clamas.
1180 3581 1222 3633 ol·

715 3722 717 3727 >
754 3677 864 3749 metim
883 3700 973 3777 pete.

162 3831 229 3901 Vel
253 3858 327 3899 mea
354 3857 467 3899 caussa
483 3832 579 3897 Heus
604 3823 813 3912 Philolache,
841 3837 913 3898 exi:
942 3826 975 3898 tsi
990 3822 1224 3926 Misorgyridls

164 3965 282 4015 vocat:
318 3946 372 4016 vel
404 3949 500 4013 Heus
534 3942 754 4024 Philolache,
793 3943 866 4014 exi:
905 3945 1090 4041 arge'ntam
1125 3945 1226 4018 redde,

214 4250 239 4317 ”J
257 4268 347 4313 meam,
367 4251 601 4319 quodacodicibus
622 4252 704 4316 abest,
724 4263 794 4305 recte
811 4253 907 4305 addidit
927 4255 1099 4310 Camerarius.
1118 4255 1234 4324 tnaptiau

264 4347 308 4412 qui
325 4348 401 4414 [erec
420 4363 477 4399 cunt
495 4348 592 4414 Pylade
612 4349 742 4399 adiiciunt.
