2872 4942
468 355 500 397 ιι.
523 356 566 397 or:
591 356 719 407 sara-rs
748 358 876 402 natvm.
1175 336 1224 408 67

160 519 234 589 facile
260 523 429 615 quispiam
455 524 609 591 coniiciat
645 549 687 591 ex
709 527 780 591 eius
807 546 1020 605 correctura,
1055 529 1114 620 qui
1147 554 1231 595 eun·

156 637 216 704 dem
241 665 419 706 numerum
446 642 481 704 in
507 638 772 706 Tusculanarum
798 642 893 708 initio
919 644 983 708 sibi
1009 642 1135 710 lectum
1161 669 1232 709 me-

150 756 297 821 minisset.
330 755 416 821 Nam
438 756 486 819 ibi
512 779 650 847 quoque
673 756 1041 848 Lagomarsinianorum
1065 758 1233 840 codicum,

145 894 284 962 qnorum
313 868 491 936 multitudo
530 895 549 949 a
583 872 762 938 tricenario
801 895 943 938 numero
981 897 1092 964 prope
1116 875 1233 951 ,abest

143 1009 194 1051 sex
232 981 375 1077 quidem
412 982 572 1051 exhibent
612 1000 732 1053 00ch
764 985 846 1072 (sive
882 987 919 1050 hi
954 989 1084 1053 numeri
1114 986 1233 1054 litteris

143 1118 212 1166 sunt
245 1097 461 1192 perscripti),
496 1097 552 1165 alit
583 1117 651 1167 tres
688 1106 799 1182 CCCX,
841 1102 992 1194 quinque
1028 1116 1233 1169 ccccxt'm:

143 1212 252 1280 nullus
289 1227 505 1281 ocricolum:
549 1215 584 1279 iu
626 1213 755 1306 aliquot
790 1233 899 1284 autem
938 1215 1133 1308 corrigendi
1166 1230 1236 1282 stu-

143 1327 197 1396 dio
221 1329 341 1395 evenit
369 1345 406 1393 ut
439 1326 493 1395 vel
531 1342 649 1396 ccccx
682 1347 716 1396 et
749 1346 908 1425 cccccx,
938 1326 994 1397 vel
1028 1344 1171 1400 cccccx
1202 1349 1236 1400 et

143 1434 334 1512 ccccxvii!
367 1441 465 1510 simul
498 1461 695 1535 appareant.
744 1426 906 1512 Similiter
933 1445 1104 1512 Vrsiniani
1139 1434 1236 1515 ccdi-

143 1557 186 1622 eis
224 1555 492 1624 additamentum
528 1557 726 1640 Centhone,
766 1557 859 1650 quod
889 1562 923 1625 in
957 1576 1004 1625 tot
1028 1561 1237 1650 Lagomarsi-

143 1671 249 1737 nianis
281 1694 351 1739 non
374 1674 484 1766 ⁴magis
510 1699 610 1771 quem
636 1670 753 1739 docuit
778 1672 866 1740 illud
889 1693 1060 1766 repertum
1090 1691 1158 1754 est,
1189 1676 1239 1743 ri·

143 1785 243 1853 detur
275 1787 314 1853 in
346 1786 522 1855 Ciceronis
554 1789 655 1854 verbo
689 1813 707 1854 e
739 1787 842 1855 Gellii
881 1788 949 1856 sive
984 1791 1236 1882 comparatione

143 1902 212 1970 sive
239 1900 476 1970 recordatione
500 1903 686 1994 irrepsisse,
713 1905 806 1968 cuius
831 1904 913 1969 baec
939 1922 1016 1970 sunt
1048 1903 1106 1970 lib.
1130 1904 1239 1982 XVII,

143 2019 204 2099 bi,
231 2036 331 2089 extre:
358 2017 551 2084 consulibus
569 2016 713 2111 Claudio
742 2019 949 2087 Centone
976 2010 1114 2110 Appii
1135 2014 1241 2088 Caeci

143 2137 217 2224 filio
249 2184 292 2203 ..
317 2189 326 2208 .
351 2182 361 2203 .
388 2112 520 2230 primus
552 2142 702 2204 omnium
736 2141 777 2211 L.
814 2139 931 2205 Livius
958 2153 1064 2229 poeta
1090 2130 1241 2226 fabulas

144 2251 312 2319 docere
335 2250 466 2319 Romae
490 2258 601 2346 cepit:
626 2253 851 2347 indidemque
877 2252 964 2319 illud
985 2270 1119 2346 repeto,
1145 2253 1240 2346 quod

146 2367 181 2432 in
204 2370 277 2434 uno
303 2368 594 2459 Lagomarsiniano
622 2368 725 2456 (120)
751 2393 815 2462 pro
843 2368 880 2435 C.
906 2367 1052 2436 Claudio
1078 2371 1242 2460 scripturn

148 2500 202 2551 cst·
221 2477 368 2576 Appio
397 2482 552 2550 Claudio.
603 2485 742 2577 Absque
766 2509 835 2577 quo
860 2502 957 2563 esset,
980 2501 1160 2575 potuerant
1180 2483 1242 2547 ista

148 2597 248 2665 etiam
274 2621 293 2663 e
318 2598 447 2665 Catone
472 2601 546 2664 mai.
573 2598 749 2667 Ciceronis
780 2598 853 2690 peti
892 2622 921 2664 c.
952 2596 1010 2665 14.
1031 2597 1060 2683 5.
1086 2599 1152 2666 5οι
1182 2601 1248 2688 'qui'

148 2706 299 2777 cuite-
324 2712 490 2799 fabulam
515 2712 742 2780 docuisset
770 2712 970 2779 Centone
1003 2700 1250 2802 Tuditanoque·

149 2826 355 2893 consulibus.
405 2827 502 2894 Talia
536 2847 573 2896 ut
602 2830 636 2895 in
668 2829 818 2921 margine
845 2829 1112 2906 ascriberentur,
1144 2850 1246 2919 saepe

150 2916 350 3053 norw&
373 2942 496 3010 accidit
518 2942 627 3010 simile
654 2943 815 3036 quiddam
842 2936 974 3037 inipso
1001 2945 1125 3021 Bruto,
1151 2944 1247 3009 cuius

148 3056 191 3143 §s
205 3059 255 3128 73
293 3058 605 3152 Lagomarsinianus
627 3061 684 3131 20
711 3058 795 3126 haec
816 3055 948 3126 adiecta
981 3075 1087 3125 tenet:
1130 3058 1248 3124 Livius

150 3172 327 3239 salinator
355 3189 391 3239 et
414 3175 511 3270 Nero
545 3198 611 3239 cos.
641 3169 869 3240 Asdrubalem
891 3172 996 3266 apud
1025 3172 1249 3263 Senegaliam

152 3312 227 3353 cum
251 3302 328 3353 toto
353 3292 507 3355 exercitu
533 3286 743 3355 deleverunt.
771 3323 818 3339 -··
847 3290 1007 3355 Ceterum
1031 3290 1190 3383 qnoniam
1214 3288 1250 3351 in

150 3403 219 3471 boc
244 3426 371 3494 genere
398 3428 522 3483 versor,
547 3402 642 3471 lubet
666 3403 751 3469 illud
777 3400 938 3483 adiicere,
965 3392 1064 3469 ludos
1086 3402 1164 3468 illos
1186 3403 1251 3468 Iu·

154 3521 316 3597 veritatis,
339 3540 425 3609 qnos
450 3496 632 3587 Salinator
656 3519 807 3588 Senensi
827 3519 960 3610 proelio
993 3532 1153 3597 voverat,
1180 3538 1250 3582 non

154 3629 264 3697 videri
291 3629 356 3698 soli
380 3632 522 3701 Victorii
547 3634 757 3701 coniecturae
784 3631 923 3699 deberi:
956 3631 1091 3726 quando
1125 3632 1161 3696 in
1191 3631 1249 3694 iis-

153 3732 237 3810 deni
260 3743 329 3811 illis
356 3747 461 3838 copiis
486 3749 784 3840 Lagomarsinianis
821 3772 840 3815 e
867 3773 925 3814 sex
951 3736 1125 3814 codicibus
1152 3743 1251 3809 affer-

154 3877 209 3924 tur
234 3859 433 3935 hamatis,
460 3886 479 3927 e
505 3880 663 3955 quattuor
686 3856 869 3936 Luctatiis,
897 3887 916 3927 e
942 3863 1048 3928 tribas
1071 3857 1248 3931 tuentalis,

155 3999 175 4039 e
197 3972 340 4066 singolis
365 3992 478 4041 autem
503 3977 706 4056 Luen'tanis,
732 3977 897 4067 Liuianis,
920 3976 1108 4049 quentatis,
1123 3975 1251 4040 Iuven-

153 4092 261 4154 tutis:
296 4105 335 4154 ut
363 4090 399 4154 in
420 4088 574 4184 ,reliquis
598 4093 735 4160 circiter
760 4091 826 4157 XII
862 4088 1049 4181 putandum
1075 4091 1116 4155 sit
1140 4089 1251 4180 ipsum

154 4172 273 4270 exedre
294 4201 499 4277 Iuventatis.
