2872 4942
180 342 253 417 636
644 366 815 412 soneuorx.

178 534 241 585 tium
270 533 361 585 oculos
389 532 491 601 lugiens
520 534 634 587 Athenae
658 536 820 605 demigravit.
867 543 978 587 moratus
1008 550 1073 584 vero
1092 549 1149 584 uon
1175 532 1271 585 mult·

178 622 274 671 reverti
302 621 398 671 statuit.
429 620 499 688 quod
527 621 634 673 inorbo
657 624 706 675 etsi
738 623 819 675 invidi
837 624 938 674 virtutis
957 637 1005 673 sue
1022 622 1133 687 quidam
1153 631 1268 671 amatore
1289 642 1313 699 -j

179 709 254 759 etiem
277 707 349 759 multi
375 716 471 759 esseut.
508 710 535 759 in
559 724 651 761 navem
671 712 759 779 itaque
777 709 919 762 sarcinulas
939 717 966 759 et
987 725 1037 777 que
1056 710 1162 758 ceteris
1184 710 1273 759 curiora

179 802 268 846 essent
291 796 385 863 scripta
410 812 457 847 sue
481 798 609 863 imposuit.
640 800 698 865 ipse
723 802 800 849 murts
826 796 895 847 tedio
923 805 1006 863 patres
1032 795 1159 846 terrestri
1190 797 1274 845 itinere

178 883 310 949 proiectus
335 892 383 934 est.
417 892 445 934 ut
471 892 554 935 tractu
574 885 635 936 inde
654 884 726 935 brevi
744 887 771 936 in
789 884 885 937 italiam
906 884 1052 936 ueheretur.
1094 885 1131 933 At
1154 884 1194 933 ibi
1214 883 1276 935 rela-

179 979 231 1021 tum
258 978 297 1021 est
318 984 410 1023 navem
443 972 506 1021 meri
537 972 647 1023 adverso
664 972 733 1023 circa
748 972 883 1022 maliacum
901 973 984 1022 sinum
1003 986 1118 1021 urersam
1140 986 1275 1037 percussm

178 1072 237 1107 mox
268 1056 358 1110 dolore
386 1058 466 1109 nimio
490 1061 518 1109 in
545 1056 691 1109 archadiam
719 1062 856 1109 concessit.
896 1059 942 1109 vui
962 1060 1104 1124 repentino
1124 1061 1223 1109 morbo
1238 1074 1277 1109 cr-

178 1150 237 1209 ptus
255 1143 377 1195 occubuit
417 1143 534 1212 Exequie
554 1146 610 1196 viro
628 1148 778 1213 pauperimo
796 1145 865 1212 quod
885 1161 928 1195 res
945 1143 1020 1195 simul
1040 1152 1070 1194 et
1090 1147 1178 1196 vitum
1198 1144 1276 1212 perdi-

178 1232 266 1295 disset,
283 1231 315 1282 de
333 1230 438 1297 publico
455 1240 522 1284 ecte.
541 1234 646 1301 egregia
664 1233 715 1283 iem
739 1234 766 1283 in
785 1234 872 1299 grecia
892 1240 919 1283 et
935 1229 1077 1298 singularis
1107 1235 1225 1283 nominis
1243 1232 1275 1283 sui

177 1320 244 1372 lema
269 1330 373 1388 propter
396 1318 566 1373 excellentem
591 1330 671 1372 artem
693 1322 719 1371 in
741 1324 907 1373 venustatem
920 1322 1000 1371 movit
1016 1321 1161 1372 Archedes
1180 1330 1210 1373 ut
1226 1336 1274 1372 mr·

177 1424 226 1459 uus
251 1407 276 1459 id
299 1424 445 1475 supremum
471 1408 614 1460 clarissimo
642 1416 720 1475 poete
745 1416 772 1459 et
797 1408 878 1459 libere
906 1415 932 1458 et
951 1407 1066 1474 benigne
1087 1410 1272 1474 persolverent

178 1496 277 1547 Ceteris
293 1498 337 1563 qui
357 1504 417 1547 sunt
433 1498 532 1547 comico
549 1512 647 1563 genere
665 1498 705 1547 usi
722 1504 838 1562 prestere
856 1498 940 1563 ipsum
959 1496 1125 1563 proprietate
1143 1498 1270 1549 verborum

177 1582 272 1634 Servus
302 1584 482 1648 grammaticus
509 1584 545 1633 rei
575 1584 651 1634 huius
676 1598 727 1634 non
745 1584 877 1650 imperitus
894 1582 971 1633 iudex
991 1581 1080 1633 tradit.
1124 1582 1267 1647 Quintiliani

177 1683 240 1720 vero
271 1668 393 1721 iudicium
424 1678 464 1720 est
490 1671 616 1722 comicum
634 1685 717 1736 genus
735 1669 868 1736 peculiare
886 1684 988 1735 semper
1005 1676 1031 1719 et
1049 1672 1197 1736 proprium
1213 1684 1259 1738 gre-

178 1772 266 1809 corum
292 1771 359 1807 esse.
387 1756 480 1808 latinos
504 1765 590 1807 autern
610 1759 636 1809 iu
655 1772 688 1808 eo
707 1756 853 1807 claudicare
870 1765 948 1823 etque
967 1755 1088 1807 Terencii
1111 1761 1209 1825 scripta
1221 1756 1257 1807 etsi

178 1842 229 1894 lroc
253 1844 279 1894 in
300 1859 398 1910 genere
422 1844 615 1913 elegentissime
633 1845 776 1896 videantur.
805 1843 864 1912 plus
880 1852 965 1895 tamen
981 1844 1073 1909 gracie
1093 1843 1260 1897 habitentu-

178 1931 231 1982 isse
258 1932 281 1981 si
310 1932 376 1983 iutra
398 1946 490 1983 versus
516 1934 643 1984 trimetros
662 1933 803 1983 stetissent.
838 1931 895 1999 Age
912 1930 1003 1982 mirum
1020 1929 1048 1981 in
1069 1932 1183 1983 modurn
1204 1932 1267 1982 ieni-

179 2016 251 2068 iiarie
282 2026 309 2070 et
335 2026 407 2085 grata
427 2028 586 2087 acceptaque
613 2020 680 2087 quod
706 2034 770 2086 sepe
794 2033 901 2070 numero
920 2032 953 2068 ex
972 2017 1035 2082 ipsis
1052 2032 1112 2069 non
1132 2019 1271 2070 sentencias

178 2106 254 2157 modo
277 2104 324 2158 sed
350 2105 431 2157 verbe
456 2107 584 2158 interdum
603 2113 739 2157 mutuetur.
771 2112 798 2155 et
817 2105 871 2155 suis
888 2118 936 2170 pro
953 2102 1083 2169 dignitate
1103 2106 1215 2173 quedem
1230 2107 1266 2155 iu-

177 2194 292 2245 misceet
328 2192 472 2245 ieronimus
493 2195 555 2245 item
579 2194 620 2243 uir
637 2191 864 2260 eloquentissimos
881 2192 1057 2243 sanctissimus
1082 2194 1203 2243 nominet
1218 2206 1269 2242 cun

177 2282 244 2334 inter
260 2289 350 2349 poetae
371 2282 492 2349 egregios
516 2288 543 2333 et
559 2280 667 2332 illustris
684 2278 774 2332 ordine
791 2279 840 2330 isto
858 2279 995 2330 llomcrum
1013 2279 1157 2345 Virgilium
1169 2282 1271 2332 ilenen-

177 2369 249 2420 drum
272 2368 432 2421 Terencium.
471 2376 500 2418 ut
522 2368 622 2420 duobus
646 2368 750 2420 summis
777 2367 865 2433 grecie
884 2367 967 2433 poetis
991 2366 1118 2432 adequati
1137 2370 1189 2418 sint
1203 2367 1270 2417 latini

178 2465 255 2524 poete
280 2456 330 2507 duo
359 2455 519 2507 excellentes
561 2464 588 2507 et
615 2470 661 2521 per
698 2453 909 2522 quemadmodum
943 2452 1070 2519 Virgilius
1093 2455 1206 2507 ilomcro
1232 2456 1267 2505 ita

177 2544 315 2595 'feroncius
334 2543 473 2595 Menandro
492 2545 534 2595 sit.
578 2542 669 2610 Neque
692 2556 755 2593 vero
775 2543 849 2608 perui
869 2541 985 2592 iacienda
1005 2549 1045 2591 cst
1066 2545 1207 2594 sentencie
1225 2559 1272 2609 pe-

176 2643 268 2684 traroe.
303 2645 354 2681 non
380 2632 446 2681 enirn
471 2631 573 2694 ineptus
599 2636 640 2679 est
659 2630 740 2679 testis.
777 2627 882 2680 'lautum
900 2628 1003 2695 qrridem
1023 2627 1074 2678 sibi
1097 2631 1188 2683 tribuit
1207 2630 1269 2699 quod

175 2720 244 2770 dicat
271 2720 320 2770 isto
347 2719 372 2767 iu
393 2732 490 2785 genere
508 2716 658 2767 Terencium
678 2724 704 2766 et
721 2717 808 2785 primo
824 2719 828 2784 Ι
844 2731 885 2765 res
905 2715 1034 2765 deuicisse
1053 2725 1082 2765 et
1105 2727 1224 2784 posteros
1238 2720 1270 2769 iu

174 2807 299 2857 terruisse
317 2804 386 2872 quod
404 2818 480 2854 nemo
499 2804 611 2854 omnium
626 2812 684 2868 post
701 2819 759 2853 eum
775 2818 852 2852 ausus
870 2803 903 2852 sit
922 2816 1004 2867 genus
1023 2802 1050 2851 id
1068 2805 1182 2857 adoriri.
1206 2807 1268 2859 diar-

174 2909 219 2943 cus
242 2901 327 2943 eutem
354 2893 436 2942 Varro
454 2889 498 2941 illo
517 2892 589 2941 cuius
609 2889 730 2940 iudicium
745 2904 899 2956 quacunque
917 2890 943 2938 in
964 2905 992 2939 re
1013 2892 1161 2944 maximum
1176 2910 1270 2961 semper

174 2988 200 3030 et
226 2980 405 3047 gravissimum
425 2978 472 3027 fuit
502 2992 558 3027 cum
588 2976 696 3027 dixisset
722 2976 817 3042 ligures
850 2974 951 3025 dicendi
977 2976 1045 3025 sicut
1063 2988 1132 3029 sunt
1151 2989 1203 3032 tres
1220 2994 1269 3031 esse

175 3066 289 3117 uberem.
321 3064 444 3132 gracilem
472 3072 498 3114 et
523 3063 677 3114 mediocrem
697 3070 775 3129 atque
793 3063 860 3112 vicia
879 3064 942 3127 ipsis
963 3062 1055 3112 llorere
1083 3070 1147 3129 peri
1168 3081 1258 3119 nummo

174 3155 221 3204 trie
239 3154 373 3219 proposuit
392 3151 578 3219 exemplaque
597 3152 700 3218 proprie
720 3158 747 3201 et
763 3165 825 3200 vere
848 3150 897 3199 sibi
970 3149 1096 3203 derentur·
1132 3166 1256 3222 essentque

174 3240 356 3291 mediocritatis
391 3240 459 3290 enim
493 3238 652 3291 Terencium.
707 3236 861 3288 Gracilitatis
890 3236 1014 3286 lucilium.
1053 3240 1194 3295 Vbertatis
1216 3256 1263 3293 csse

104 3313 158 3356 V¹¹⁸
177 3326 316 3379 Pacuuium
338 3326 401 3377 dixit
445 3325 548 3377 lucilius
574 3326 644 3375 satiri
672 3327 746 3374 metri
774 3326 894 3375 inventor
916 3339 1020 3375 esseae
1042 3327 1177 3396 princeps
1195 3332 1271 3382 fertur.

78 3369 302 3467 mvn'i'acuvius
322 3422 406 3475 eutem
425 3412 596 3479 “⁸8⁰⁶le
613 3412 722 3477 ⁸⁰llll⁰¹
739 3413 860 3477 ⁰8f⁰ffll¹⁵
880 3410 955 3462 Ennii
975 3419 1053 3475 ¹³⁰⁰l⁰
1073 3429 1168 3481 ”⁹9⁰⁸
1188 3417 1271 3469 θιὼ

183 3500 307 3553 Brindusii
327 3508 401 3550 uatus
422 3498 610 3564 nonagenarius
626 3496 728 3547 Terenti
747 3498 835 3564 exegit
852 3496 928 3547 diem.
965 3495 1028 3546 Eum
1053 3498 1126 3551 vidit
1146 3512 1216 3555 etate
1229 3517 1273 3554 nou

105 3580 160 3682 Χῑοῐιῗ
179 3585 282 3656 paulum
300 3587 383 3638 minor
400 3582 479 3636 Acies
498 3597 513 3633 a
532 3596 583 3649 quo
603 3596 676 3632 mons
692 3580 760 3647 apud
777 3582 908 3647 pisaurum
921 3581 1044 3632 achianus
1065 3582 1160 3640 dictus
1176 3598 1223 3641 est.
