2872 4942
538 376 703 425 rnntvnut
731 366 927 422 navarrae.
1022 419 1029 448 „
1198 351 1272 424 569

186 549 329 629 habeat,
370 547 427 640 qui
458 545 553 644 loqui
586 571 750 615 summum
786 544 924 616 dicendi
953 544 1116 616 artificem
1148 545 1276 618 docere

189 664 305 733 voluit.

266 794 440 891 Explicato
467 796 708 895 sententiarum
737 801 831 864 nexu'
848 794 1006 860 universo
1032 809 1132 858 restat
1158 811 1194 859 ut
1210 795 1279 860 sin«

190 910 269 1006 gula
290 911 455 1005 quaedam
484 886 714 1011 eipediantur.
751 911 794 974 Et
813 936 840 974 v.
868 907 1005 1000 quidem
1033 911 1078 979 ‘27
1103 933 1191 998 erga⁴
1215 913 1280 1001 igi.

143 1066 147 1095 ι
191 1045 253 1101 tur
272 1006 510 1120 pardoularum
537 1028 737 1094 consociatio
765 1027 841 1091 satis
867 1025 1069 1090 auctoritatis
1096 1026 1137 1090 ab
1158 1027 1277 1117 Appu-

143 1180 149 1221 t
190 1144 240 1215 lei
266 1143 426 1236 exemplis
452 1145 673 1243 hahetbquae
700 1140 882 1211 Tursellini
907 1140 949 1243 Ii,
971 1167 1005 1233 p.
1028 1137 1100 1212 465
1127 1140 1280 1208 Handius

143 1300 153 1339 t
192 1261 475 1331 commemoravit.
505 1291 545 1304 -
572 1258 612 1324 V.
642 1259 690 1329 28
714 1261 777 1331 rei,
803 1253 896 1348 quod
922 1257 962 1324 ab
989 1255 1083 1323 libris
1111 1258 1277 1336 omuibus,

143 1411 151 1456 ι
193 1376 294 1443 etiam
319 1375 541 1448 Ambrosiauo
568 1374 670 1450 abest,
694 1371 877 1438 rectissime
902 1369 1034 1438 addidit
1057 1371 1279 1443 Camerarius.

143 1532 154 1577 t
191 1484 459 1571 2-Proximum,
485 1488 584 1580 longe
611 1487 724 1579 petitis
749 1503 782 1552 et
804 1510 844 1551 ex
864 1504 959 1579 parte
982 1487 1179 1579 turpissimis
1199 1511 1280 1552 eon.
1345 1494 1346 1498 ’

143 1631 155 1696 t
193 1609 332 1788 teet&
369 1588 450 1675 inde
487 1631 505 1705 p
537 1605 731 1670 Camerario
765 1620 935 1683 vexatum,
979 1628 1020 1669 ex
1058 1603 1281 1689 Ambrosiano
1349 1595 1354 1604 ’

143 1766 157 1842 Ρ,
195 1726 251 1793 ase
324 1724 470 1792 omnium
497 1708 918 1845 {implicissitnaknotioge
952 1736 1102 1788 mutuam
1131 1718 1281 1789 redinte-

143 1862 160 1931 ἡ
195 1841 370 1933 gravimus.
422 1839 461 1902 Iu
487 1837 552 1902 fine
580 1854 691 1902 autem
716 1860 829 1904 versus
855 1858 958 1927 roges
981 1861 1049 1904 non
1074 1837 1177 1929 magis
1201 1836 1282 1906 ferri

143 1998 161 2050 Ι,
194 1964 243 2048 po
333 1979 433 2046 quam
459 1980 489 2022 v.
517 1956 559 2020 ‘tt
590 1951 713 2016 adeam
739 1969 772 2018 et
797 1950 974 2017 edoceam:
1006 1951 1042 2023 id
1068 1950 1161 2050 quod
1186 1970 1280 2017 recte

143 2092 164 2165 ,ζ
194 2068 298 2137 Italus
320 2087 491 2136 corrector
516 2069 708 2161 perspexit,
731 2069 783 2138 cui
807 2092 928 2158 rogem
958 2067 1103 2134 debetur
1127 2071 1162 2138 in
1188 2067 1279 2159 Lips.

143 2228 163 2278 β
195 2184 275 2254 eod.
302 2202 335 2250 et
360 2183 411 2256 ed.
435 2185 541 2276 princ.
570 2203 709 2255 exstans.
767 2183 838 2251 Nee
863 2209 939 2253 raro
965 2209 1185 2277 personarum
1210 2185 1281 2252 for·

143 2298 446 2393 3·mae‘verbales
472 2299 627 2395 inlibris
653 2316 876 2392 permutatae,
915 2299 1006 2366 velut
1036 2302 1071 2369 in
1096 2302 1171 2392 ipsu
1198 2300 1284 2369 Ama

143 2461 153 2507 5
185 2415 355 2483 rbrosiano
379 2416 405 2496 Ι,
434 2421 465 2495 1,
492 2417 513 2482 5
531 2417 652 2501 faeiat
678 2414 800 2505 legitur
825 2438 888 2507 pro
905 2418 1070 2506 faciam,
1097 2416 1283 2485 in-Vetere

196 2532 227 2613 I,
255 2531 290 2609 2,
317 2531 384 2600 158
412 2529 544 2625 valebat
567 2556 629 2622 pro
659 2529 835 2606 volebam,
861 2531 903 2611 II,
931 2535 962 2611 2,
986 2534 1032 2602 87
1061 2537 1193 2623 expetii·
1217 2556 1284 2624 pro

187 2648 341 2736 expetit,
368 2647 425 2727 IV,
441 2649 473 2725 2,
488 2645 534 2716 36,
558 2644 707 2719 habitem
731 2673 794 2739 pro
820 2647 992 2723 habitent,
1016 2647 1098 2718 ibid.
1114 2646 1184 2717 tat
1211 2653 1284 2720 aie«

195 2760 262 2837 bat
286 2786 349 2854 pro
373 2761 501 2837 aiebas,
523 2763 580 2843 IV,
597 2765 631 2845 3,
649 2762 694 2830 61
713 2762 787 2855 stes
809 2788 873 2857 pro
887 2764 979 2856 flet:
1007 2782 1042 2830 ut
1066 2768 1099 2835 in
1128 2767 1179 2831 his
1204 2765 1286 2832 suh«

198 2880 326 2946 sistam.
351 2913 398 2926 —
424 2880 466 2946 V.
485 2879 531 2947 32
559 2904 633 2944 cum
662 2880 853 2951 Hermanno
879 2905 968 2972 nego
990 2905 1056 2947 non
1083 2897 1176 2948 acuta
1202 2907 1286 2974 pae-

195 2991 343 3061 nultima
368 2993 451 3066 midi
483 2994 632 3094 potuisse
658 2996 740 3086 poni
769 3014 844 3061 ante
863 2995 1018 3087 quidem,
1052 3021 1118 3063 nee
1150 2996 1284 3064 invenio

185 3106 297 3201 ·quod
322 3108 503 3199 praemissa
529 3109 569 3173 ab
598 3109 719 3179 eodem
742 3110 803 3201 pol
818 3109 980 3201 particula
1006 3135 1079 3176 esse
1105 3112 1212 3203 aptius
1233 3111 1285 3177 di.

199 3248 287 3291 eam.
325 3223 409 3289 Nam
433 3226 487 3290 Ne
512 3225 595 3296 miti
621 3228 682 3291 etsi
707 3223 834 3292 facilius
864 3228 963 3292 etiam
987 3227 1149 3307 restituas,
1176 3244 1286 3293 tamen

187 3364 273 3407 non
305 3343 411 3433 possit
447 3366 515 3408 non
550 3341 733 3434 displicere
771 3344 936 3410 continuis
969 3343 1120 3412 versibus
1158 3341 1289 3410 duobus

199 3456 323 3529 iterata
349 3457 558 3523 asseveratio.
618 3457 690 3524 Nee
716 3456 815 3525 video
843 3458 896 3524 cui
921 3459 995 3525 usui
1022 3484 1093 3525 esse
1118 3458 1289 3527 Vrsiniaui

162 3582 171 3591 “
201 3569 332 3641 codicis
358 3574 443 3640 haee
469 3573 632 3663 scriptura
647 3575 767 3665 possit:
795 3561 968 3645 inveneris
984 3576 1069 3647 milti
1078 3584 1090 3650 tl
1106 3571 1199 3646 Mihi
1213 3578 1288 3666 qtti-

201 3686 293 3759 dem.
317 3724 363 3735 -·-
394 3689 435 3756 V.
462 3690 507 3757 33
534 3691 670 3785 'egregie
692 3709 833 3781 nugatur
858 3690 1124 3770 Lindemannus,
1163 3705 1200 3759 ut
1224 3687 1287 3753 der

182 3819 356 3875 mutuum
380 3806 491 3876 verbis
513 3807 549 3871 in
574 3805 790 3894 matetfides
814 3808 991 3898 perversis.
1053 3804 1159 3885 Illud,
1192 3803 1287 3897 quod

202 3923 322 3992 testari
349 3924 448 3988 etiam
473 3921 711 3987 Ambrosianus
736 3921 887 4001 videtur,
927 3947 967 3988 ex
999 3920 1135 3989 Veteris
1162 3919 1288 3987 codicis

201 4037 368 4107 memoria
394 4037 490 4106 uides
516 4052 664 4105 mtuuttm
682 4015 850 4103 verissime
871 4038 917 4102 ‘ab
935 4037 1130 4104 Camerario
1156 4055 1288 4103 erutum

179 4170 290 4248 *quas
317 4152 562 4247 depravationis
600 4170 756 4252 tanquam
787 4153 1013 4220 successiones
1042 4151 1290 4244 expertumsit,

254 4330 257 4334 .
903 4285 1054 4340 »naturam

196 4394 231 4436 -e
257 4373 379 4439 ceteris
402 4369 497 4443 libris
524 4369 650 4462 patefitt
690 4395 766 4439 nem
793 4368 888 4436 tudes
911 4372 1043 4440 artataui
1067 4386 1118 4436 cst
1139 4369 1175 4438 in
1199 4365 1294 4436 Vrsi-
