2872 4942
158 343 231 418 364
550 368 592 410 va.
616 368 659 409 na
683 367 861 410 verenam

158 547 194 612 in
234 545 368 610 Phorm.
391 542 433 626 ΙΙ,
460 539 493 622 4,
521 542 567 610 13
603 543 752 608 Donatus
783 542 829 607 ait
864 537 1037 635 Nigidium
1062 533 1242 636 'protorum

160 661 296 755 legere,
329 658 366 725 id
402 683 541 752 prorsus
575 656 723 725 conferri
753 674 868 749 potest
892 682 969 723 cum
993 659 1101 752 Capri
1126 659 1243 730 iudicio

162 776 206 844 de
231 773 406 869 Virgiliani
431 798 545 842 versus
571 772 733 857 lectione3
771 796 857 867 quac
887 789 999 841 autem
1030 773 1077 841 ad
1103 775 1244 844 eiusdem

161 892 293 960 fabulae
320 892 345 972 I,
369 889 446 971 4,4
479 891 675 973 et11,1,3
700 889 900 973 afferuntur,
937 892 1001 958 etsi
1031 890 1153 985 paullo
1183 919 1245 989 gra-

160 1011 289 1077 viorem
313 1008 540 1099 suspicionem
565 1025 715 1087 movent,
750 1025 864 1074 temen
883 1030 954 1075 non
978 1026 1059 1076 sunt
1082 1006 1243 1078 dissimilia

52 1159 55 1166 ·
161 1149 290 1203 eorum,
319 1148 406 1216 quae
433 1121 531 1189 simili
557 1121 658 1190 modo
684 1148 703 1189 e
728 1121 863 1215 Nigidio
884 1121 1080 1216 produntur
1106 1124 1153 1192 ad
1177 1129 1242 1196 Vu-

123 1221 128 1231 ’
160 1239 230 1331 gilii
264 1239 433 1333 Georgica
466 1238 558 1333 apud
587 1239 738 1307 Serrium
772 1238 809 1305 in
843 1241 878 1320 1,
904 1237 961 1312 47.
987 1237 1072 1309 ⁸261.
1125 1240 1240 1327 Quodsi

159 1354 362 1447 Virgilianos
390 1378 527 1448 quoque
552 1355 809 1421 commentarios
821 1352 992 1448 Nigidium
1019 1355 1171 1426 edidisse
1187 1376 1239 1427 sta·

162 1473 283 1551 tueris,
313 1494 384 1538 non
414 1487 527 1562 potest
552 1470 617 1537 boc
643 1468 783 1566 quidem
807 1489 1080 1563 argumentorum
1103 1475 1239 1543 nemsi-

47 1604 50 1611 ’
162 1604 227 1653 tate
253 1585 410 1665 refutari,
450 1585 511 1653 sed
543 1582 726 1652 verendum
759 1604 869 1653 tamen
897 1605 961 1668 est,
985 1611 1030 1654 ne
1052 1590 1101 1656 ite
1125 1590 1238 1657 inficio

160 1700 336 1800 proditura
360 1703 403 1769 sit
424 1699 675 1769 scholiastarum
698 1699 875 1768 latinorum
897 1701 1089 1772 multitudo.
1122 1704 1175 1773 Ae
1191 1728 1236 1772 τε·

159 1815 348 1915 putandum
373 1842 413 1884 ex
439 1815 543 1883 altera
567 1834 681 1908 parte,
713 1822 1184 1912 quot·quamquc25-variarum
1204 1844 1235 1887 aa

162 1932 368 1999 diversarum
396 1958 512 2000 rerum
547 1957 652 2025 capax
675 1951 809 2026 praeter
833 1936 924 2027 ipsos
950 1934 1182 2005 miscellaneos
1201 1934 1234 2002 li-

160 2051 240 2117 bros
264 2021 349 2116 illud
372 2051 583 2141 potissimum
607 2050 854 2117 commentandi
879 2077 986 2144 genus
1007 2053 1122 2136 fuerit,
1155 2048 1233 2147 quod

163 2166 198 2231 in
229 2165 435 2233 enucleanda
472 2142 729 2267 signficatione
759 2165 936 2233 verborum
967 2169 1176 2237 versabatur:
1206 2165 1234 2234 id

126 2279 257 2374 &quod
294 2280 392 2349 facile
414 2307 468 2357 ¹eu
499 2281 613 2347 Verrii
637 2279 751 2348 Flacci
783 2300 816 2348 et
839 2282 928 2350 Aelii
953 2281 1045 2351 Galli
1070 2287 1163 2380 apud
1182 2285 1233 2352 Fe·

104 2425 105 2429 ¹
163 2413 250 2463 stum
274 2397 473 2466 testimoniis
498 2394 703 2488 intelligitur.

665 2661 802 2785 st„

261 2849 369 2916 Plauti
395 2868 429 2918 et
450 2851 639 2946 aequalium
663 2838 851 2946 poetarum¹
874 2860 910 2925 in
932 2877 1127 2932 transcursu
1151 2867 1233 2934 inter·

164 2963 407 3056 pretendorum
436 2992 505 3035 non
538 2987 587 3036 est
618 2973 741 3038 mirum
775 2973 886 3042 nullos
908 2978 1093 3070 scriptores
1119 2983 1233 3076 saepius

166 3080 376 3146 occasionem
400 3100 515 3151 nactos
543 3110 626 3166 esse,
653 3113 751 3179 quam
778 3114 861 3182 quos
887 3095 1075 3184 priscarum
1099 3101 1234 3169 ermina

165 3194 357 3261 usitatarum
382 3221 502 3266 vocum
527 3201 761 3296 explanatione
788 3227 967 3298 occupatos
991 3209 1234 3308 glossogra-

165 3308 348 3400 phorum
382 3317 517 3380 nomine
542 3316 717 3385 commode
743 3323 1028 3413 comprehendas,
1065 3331 1233 3420 glossema·

167 3439 278 3488 torum
300 3432 483 3519 scriptores
508 3432 624 3498 Festus
651 3432 742 3501 dixit.
782 3439 873 3520 Quos
900 3441 1008 3532 tetigit
1031 3434 1148 3538 nuper
1168 3447 1233 3512 Lu·

167 3539 277 3606 schius
315 3540 358 3608 de
392 3542 513 3635 philos.
545 3546 676 3641 linguae
702 3568 904 3643 spreteres
930 3580 964 3646 p.
994 3562 1059 3628 111
1091 3556 1232 3654 idemque

167 3655 202 3719 in
228 3657 488 3724 Zimmermanni
514 3663 603 3728 Diar.
630 3666 731 3758 antiq.
755 3666 840 3734 stud:
864 3696 891 3735 a.
919 3672 1014 3741 1838
1049 3699 1084 3766 p.
1112 3677 1157 3746 99
1173 3700 1231 3768 sqq.

167 3765 238 3839 405
262 3798 311 3865 sq.
362 3775 412 3840 Ex
439 3801 555 3843 eorum
578 3805 716 3848 numero
744 3808 845 3850 unum
870 3785 931 3853 fuit
955 3788 1015 3879 qui
1039 3792 1122 3882 ipsis
1146 3789 1231 3856 Plauti

168 3886 352 3957 scholiastis
374 3893 623 3961 accensendum
648 3915 789 3988 putaret,
815 3900 857 3970 H.
882 3904 1042 3995 Meyerus
1067 3907 1103 3971 in
1125 3905 1231 3973 eisdem

169 4003 289 4072 Dias-iis
316 4034 345 4077 a.
374 4007 468 4078 1836
493 4037 526 4102 p.
551 4014 631 4083 378.
681 4015 742 4082 Est
765 4015 792 4080 is
817 4016 1035 4086 Aurelius
1062 4020 1121 4087 ille
1144 4019 1230 4111 Opi·

170 4115 249 4184 lius
276 4146 293 4187 e
319 4122 454 4193 Sueton.
480 4125 522 4191 de
549 4125 665 4215 illustr.
695 4156 829 4221 gramm.
855 4129 878 4198 6
903 4149 1019 4213 notus,
1061 4137 1152 4203 cuius
1178 4156 1231 4201 non

171 4232 271 4300 modo
303 4238 433 4307 indices
469 4244 665 4310 exstiterunt
698 4244 884 4312 fabularum
913 4247 1155 4333 Plautiuarum,
1184 4245 1232 4318 sed

171 4347 267 4413 etiam
291 4352 582 4447 interpretationes
624 4361 788 4453 quaedam
818 4342 997 4458 supersunt
1022 4369 1233 4437 obscuriorum
