2872 4942
594 354 819 397 siccatamve.
1177 328 1250 402 399

161 524 210 589 sic
232 519 374 604 sentire,
395 537 432 590 ut
457 545 530 591 eam
555 546 768 614 nequaquam
794 546 835 587 ex
861 521 962 600 omni,
992 545 1031 592 ac
1050 545 1098 591 nc
1114 522 1256 590 maxima

161 637 303 731 quidem
330 663 369 705 ex
394 658 489 732 parte
515 636 728 731 probandam
754 657 880 729 putem.
907 636 992 717 Nam
1017 663 1093 705 cum
1118 665 1256 732 persua·

162 754 332 820 sissimum
353 753 506 833 habeam,
543 781 585 821 ex
612 754 778 835 omnibus,
805 779 891 846 quac
914 755 1162 846 suppositurum
1192 779 1259 823 no-

161 871 256 935 mine
296 868 540 965 comprehendi
577 868 692 938 solitae
728 886 821 951 sunt,
859 894 958 935 unam
989 862 1258 952 illamfscenam,

164 1011 254 1078 quae
282 1004 332 1052 est
354 987 388 1051 in
410 987 477 1053 fine
495 983 647 1066 Poenuli,
671 1008 711 1051 ex
736 987 808 1078 ipsa
835 986 1029 1078 antiquitate
1057 1011 1133 1054 esse
1157 1012 1260 1079 repe-

163 1101 317 1168 tendam:
351 1101 530 1169 temnibil
554 1126 700 1195 unquam
724 1125 799 1168 meo
825 1100 949 1168 iudicio
972 1101 1096 1167 institui
1123 1128 1141 1168 a
1168 1119 1258 1168 tanto

164 1220 239 1285 viro
274 1218 438 1289 infelicius
474 1219 598 1312 potuit,
637 1244 737 1311 quam
771 1216 959 1310 quoduam
985 1242 1133 1304 scenam,
1172 1244 1259 1311 quae

167 1335 346 1401 subiicitur
372 1335 563 1403 Aululariae
591 1353 727 1425 praeter
749 1333 856 1401 Codri
873 1335 983 1429 'Vrcei
1016 1333 1261 1425 supplementa,

166 1451 320 1517 tribuere
344 1449 471 1531 Plaut0,
500 1477 554 1517 eas
580 1469 700 1529 autem,
738 1475 823 1542 quae
846 1447 975 1515 mediae
1000 1450 1185 1517 Mercatori
1210 1451 1261 1514 in-

167 1564 362 1645 culcantur,
395 1583 486 1632 certe
517 1563 559 1630 ad
592 1564 776 1631 Plautinum
808 1582 951 1630 aetatem
977 1565 1106 1631 referre
1134 1583 1184 1631 est
1208 1592 1264 1658 ag·

168 1706 318 1776 gressus,
357 1699 513 1773 utrasque
549 1698 660 1746 autem
696 1679 947 1746 absolutissimis
980 1682 1092 1746 nescio
1121 1705 1262 1772 quorum

167 1801 389 1864 senariorum
413 1797 617 1864 Italicorum
651 1798 800 1865 numeris
837 1797 1036 1888 compositas
1068 1797 1265 1888 pronuntia·

168 1915 235 1995 vit,
267 1939 353 2007 quae
387 1913 497 1980 nullos
538 1938 685 2005 unquam
717 1923 878 1980 numeros
912 1911 965 1980 vel
997 1912 1187 1980 habuerunt
1213 1910 1266 1980 vel

170 2029 251 2098 ullis
276 2027 437 2096 machinis
462 2030 721 2120 recuperabunt.
747 2024 779 2114 ⁹⁴)

678 2272 756 2362 Sl.

277 2472 331 2540 Ad
357 2473 540 2541 Bacchides
568 2492 679 2540 autem
707 2471 799 2568 quod
826 2474 951 2555 attinet,
973 2473 1152 2540 Niebultrii
1174 2473 1270 2567 equi-

176 2589 259 2661 dem
285 2591 479 2657 sententiam
511 2616 581 2658 non
612 2609 737 2690 tantum
766 2617 807 2657 ex
830 2593 939 2657 animo
966 2590 1175 2682 amplector,
1207 2588 1270 2656 sed

164 2710 276 2794 ‚enam
303 2709 379 2773 satis
404 2689 520 2772 mirari
544 2733 690 2801 nequeo,
717 2709 775 2800 qui
796 2679 928 2773 tandem
947 2707 1075 2799 aliquot
1090 2704 1179 2772 haud
1200 2707 1270 2771 exi-

176 2827 232 2918 gui
259 2825 419 2896 acuminis
448 2843 481 2917 et
508 2823 682 2891 doctrinae
709 2825 772 2890 viri
798 2821 1004 2915 aliquamdiu
1037 2821 1201 2888 caecutire
1228 2820 1271 2889 dc

175 2940 216 3009 iis
244 2940 272 3005 si
300 2937 350 3005 dis
377 2937 487 3032 placet
513 2941 713 3007 carminibus
738 2942 921 3033 potuerint,
946 2944 1105 3031 'tquorpm
1124 2955 1270 3004 extrema

176 3052 313 3122 facilitas
340 3079 397 3119 sua
421 3071 539 3145 sponte
566 3056 659 3147 quasi
685 3056 826 3120 incurrit
853 3056 889 3118 in
915 3044 1072 3155 οὼήρβμΪ
1090 3054 1174 3132 Nam
1200 3054 1269 3121 sive

135 3224 139 3229 .
177 3173 408 3238 inventionem
433 3190 562 3267 spectas
589 3173 773 3264 poeticam:
807 3169 890 3238 nibal
882 3189 1088 3264 excogitan
1110 3170 1178 3236 ab
1168 3193 1272 3263 tpsrus

178 3285 312 3353 fabulae
338 3306 533 3379 argumento
562 3305 597 3353 et
618 3312 706 3355 nexu
729 3286 879 3354 alienius
895 3287 1025 3378 popuit,
1059 3262 1143 3355 aitid
1168 3287 1271 3377 magis

178 3401 368 3469 abhorrens
393 3403 435 3467 ab
462 3403 661 3495 antiquitatis
686 3429 797 3482 seusu,
823 3382 974 3469 moribus
999 3407 1121 3471 veteris
1138 3427 1272 3470 comoe-

179 3516 260 3584 diae
285 3515 369 3581 nihil
395 3519 653 3611 repugnantius,
692 3518 775 3584 nihil
798 3519 1036 3586 sententiarum
1063 3520 1118 3590 vel
1141 3517 1274 3585 insulsi-

182 3649 252 3709 tate
285 3631 438 3724 frigidius
471 3632 524 3701 vel
557 3636 758 3705 ubscuritate
792 3637 985 3730 impeditius
1011 3628 1064 3703 vel
1090 3633 1274 3703 earundem

181 3726 357 3815 molestius
388 3750 604 3842 repetitione3
641 3754 710 3817 sive
744 3752 845 3818 verba
882 3770 914 3818 ct
938 3777 1096 3819 numeros
1123 3769 1288 3820 contem-

180 3860 305 3957 pluris,
325 3863 409 3929 nihil
436 3868 598 3934 sermonis
630 3885 686 3933 eut
710 3867 874 3935 inficetius
908 3869 1083 3935 ieiunitate
1105 3887 1161 3935 aut
1186 3869 1275 3934 inso-

181 3976 288 4045 lentia
310 3980 550 4075 importunius,
585 3981 763 4075 prosodiae
789 4003 897 4050 autem
923 4003 960 4051 et
982 4002 1167 4053 metrorum
1192 4009 1275 4079 pue-

182 4091 240 4163 rili
265 4095 432 4187 imperitia
457 4097 541 4162 nihil
567 4099 706 4191 turpius,
732 4099 833 4165 immo
860 4099 1062 4192 flagitiosius.
1089 4099 1192 4167 Cuius
1217 4125 1276 4194 ge·

232 4374 264 4436 ⁸>
290 4369 332 4423 cr.
353 4369 418 4426 uua.
436 4342 527 4437 ,aaut
545 4369 627 4423 auen.
647 4371 690 4433 1v‚
711 4376 736 4436 p.
760 4369 818 4423 aar.
839 4367 1026 4437 ausaausa.
1057 4386 1059 4392 ·
