2872 4942
159 339 231 410 584
502 360 529 398 x.
582 358 622 398 oe
651 357 781 398 ceurso
811 355 909 395 exim

162 533 288 601 codicis
318 553 481 622 expressa.
534 530 620 594 Hine
644 545 752 592 autem
777 544 813 591 ut
839 525 1034 605 ordiamur,
1071 525 1158 593 licet
1181 552 1246 592 sane

161 649 296 726 mirari,
317 645 413 743 'quid
438 648 479 711 sit
507 670 565 709 cur
587 669 688 708 unum
715 641 837 708 librum
865 643 1076 710 Altorfinum
1106 640 1247 710 Doeder-

160 763 249 832 linus
266 781 381 829 testem
404 779 436 825 et
457 760 580 826 fontem
602 758 781 850 protulerit
795 757 883 824 illius
903 756 1150 841 additamenti*
1170 757 1248 852 quod

163 879 303 973 quidem
331 881 402 970 ipse
428 877 575 944 Murrius
600 900 669 940 non
695 892 820 941 tontum
845 874 1068 955 annotatione
1098 873 1248 968 significet

163 997 244 1061 item
267 997 302 1059 in
327 994 518 1058 Ebneriono
542 990 689 1082 quodam
713 988 831 1057 codice
858 990 957 1055 etiam
984 991 1185 1084 antiquiore
1199 1016 1246 1055 ex-

162 1129 270 1188 stere,
300 1107 362 1174 sed
394 1134 435 1172 ex
471 1131 509 1172 eo
543 1106 617 1196 ipso
652 1103 769 1170 codiee
798 1103 896 1195 plene
922 1104 1173 1198 tr'anscriptnm
1199 1131 1246 1169 ex-

159 1227 366 1321 prompseris
392 1221 578 1287 eorundem
604 1221 873 1287 Memorabilium
899 1219 1247 1314 portell,p.136sq.

158 1330 270 1436 btque
296 1341 385 1406 bunc
412 1339 470 1404 ille
498 1337 620 1402 librum
660 1335 795 1401 soeculo
821 1337 872 1415 X,
910 1335 1123 1402 Aborfinum
1150 1354 1247 1402 antem

160 1483 227 1524 non
255 1454 435 1520 undecimo
463 1452 521 1517 sed
549 1451 751 1518 duodecimo
779 1452 902 1517 tribuit
965 1453 1040 1519 Nec
1067 1471 1181 1519 tamen
1204 1453 1248 1516 bis

160 1574 292 1640 duobus
319 1571 415 1636 libris
442 1570 600 1634 memoria
626 1569 717 1634 istius
742 1569 791 1634 rei
818 1570 924 1634 omnis
939 1570 1148 1636 continetur.
1175 1570 1247 1633 Eos·

160 1689 238 1754 dem
268 1687 357 1752 euim
379 1710 511 1763 versus,
539 1682 632 1776 quod
657 1685 767 1775 ipsum
793 1685 959 1750 Murrium
986 1685 1095 1776 sugit,
1123 1683 1246 1778 pridem

159 1805 359 1871 Franciscus
386 1801 534 1894 Guyetus
565 1817 724 1893 posuerat
758 1799 1092 1866 Commentariorum
1130 1805 1165 1866 in
1190 1802 1248 1864 Το-

162 1918 264 1985 rentii
300 1913 524 1996 Comoedias,
560 1916 619 2007 qui
648 1915 861 2008 Argentoreti
884 1941 911 1985 a.
938 1915 1145 1984 MDCLVII
1178 1942 1249 2010 pro

164 2032 311 2112 dierunt,
337 2058 370 2123 p.
382 2028 437 2096 bd.
461 2030 574 2095 Etbie
601 2028 736 2121 quidem
765 2054 821 2095 eos
847 2032 885 2095 in
909 2028 1120 2121 quibresdam
1146 2056 1249 2096 exene-

160 2144 313 2241 plaridus
339 2148 411 2236 legi
433 2145 525 2225 dicit,
548 2173 580 2238 p.
607 2146 680 2215 380
706 2162 818 2210 autern
844 2169 890 2210 ex
914 2151 1061 2239 antiquo
1094 2147 1247 2213 codices

163 2292 199 2331 se
229 2263 397 2330 exhibitos
423 2279 597 2328 memorat:
629 2287 692 2328 nec
726 2278 851 2329 tentum
877 2258 1178 2353 depravatissimos
1202 2287 1248 2328 vo-

164 2397 232 2459 cat,
260 2404 375 2445 verum
402 2379 499 2443 etiam
525 2375 761 2468 suppositicios
788 2395 820 2443 et
845 2377 1010 2443 Terentio
1037 2378 1148 2470 piane
1173 2377 1249 2442 indi·

164 2518 257 2587 gnos.
299 2492 389 2591 used
421 2517 463 2557 ne
497 2490 645 2557 editores
671 2490 812 2584 quidem
838 2492 1038 2559 Terentiani
1062 2493 1248 2561 additiciam

163 2610 255 2676 illam
282 2588 415 2675 secnam
442 2632 579 2702 prorsus
605 2609 808 2699 ignorarunt.
847 2610 874 2673 E
900 2609 1025 2700 Guyeti
1054 2612 1149 2676 enim
1169 2634 1248 2677 conr-

164 2726 328 2791 mentario
355 2725 491 2815 repetiit
516 2724 774 2790 Westcrbovius
801 2723 864 2790 vol.
892 2725 916 2788 i,
943 2752 978 2815 p.
1006 2727 1081 2794 217
1103 2752 1170 2819 sq„
1196 2750 1249 2790 occ

165 2842 201 2905 in
227 2866 302 2905 mss.
328 2838 423 2903 libris
449 2837 578 2918 decem,
605 2862 688 2929 quos
712 2840 786 2929 ipse
812 2838 1026 2919 consuluerit,
1054 2844 1172 2908 necin
1197 2842 1248 2903 im-

165 2979 360 3047 pressorum
387 2977 571 3046 quoquam‚
601 2955 722 3045 quibus
749 2956 794 3019 uti
822 2954 1014 3046 contigerit,
1042 2957 1111 3020 sibi
1144 2957 1247 3048 reper-

169 3089 236 3136 tam
261 3072 440 3135 affirmans:
469 3089 620 3137 ceterum
646 3070 690 3136 de
718 3072 827 3136 verbis
853 3070 1014 3136 intricatis
1034 3087 1069 3136 et
1094 3068 1246 3138 absurdis.

168 3189 271 3252 immo
304 3188 455 3252 barbaris
486 3212 656 3279 querens,
697 3189 818 3281 quibus
853 3185 1086 3277 intelligendis
1125 3186 1245 3277 Oedipo

169 3297 254 3395 op‘us
283 3328 355 3369 esse
383 3305 587 3370 coniectore.
610 3305 659 3368 Ex
685 3304 960 3370 Westerhoviane
977 3304 1114 3369 transiit
1137 3299 1244 3368 deinde

168 3419 204 3481 in
231 3419 430 3482 Zeunianam
458 3415 650 3485 editionem.
700 3416 860 3484 Indidem
885 3435 1012 3496 antem,
1051 3419 1148 3485 unde
1175 3420 1244 3486 We·

168 3532 365 3612 sterhovius,
391 3534 627 3599 in'Poetarum
653 3534 860 3600 scenicorum
888 3534 942 3600 lat.
970 3558 1098 3626 eorpus
1124 3533 1242 3600 Botbins

167 3669 299 3717 nostrus
321 3649 452 3740 recepit
477 3649 700 3742 appendicem
724 3641 875 3739 spuriam
900 3651 1116 3743 inscriptam,
1144 3649 1198 3717 sed
1218 3647 1239 3709 is

168 3763 305 3857 quidem
332 3792 349 3829 a
375 3784 479 3830 semet
504 3767 661 3830 nimirum
686 3764 896 3831 emendatam
920 3783 953 3832 et
977 3790 1018 3830 ex
1044 3785 1143 3858 parte
1158 3785 1191 3832 nt
1207 3763 1240 3828 ait
1284 3786 1288 3799 ‘

151 3879 405 3958 ¹versificatam:
439 3905 506 3946 non
531 3882 620 3945 enim
644 3882 687 3946 ita
713 3879 816 3946 malos
842 3880 922 3946 istos
948 3905 1062 3947 versus
1091 3907 1183 3959 esse,
1211 3893 1238 3938 ut
1286 3912 1288 3961 l

167 3994 366 4086 quibusdam
391 3994 596 4075 viderentur,
623 3999 751 4062 tametsi
781 4021 837 4063 eos
865 3997 1028 4067 Terentio
1053 3997 1237 4091 suppositos.

168 4111 232 4192 Qui
257 4136 324 4202 quo
352 4113 423 4177 inre
450 4139 495 4178 ex
519 4112 767 4178 recentioribus
786 4112 987 4204 quibusdam
1002 4109 1236 4206 exemplaribus
1285 4096 1288 4125 ¹

168 4253 185 4288 a
213 4227 342 4316 Guycto
366 4247 553 4318 protractos
580 4228 685 4308 dicat,
710 4231 782 4321 ipse
808 4228 945 4295 viderit:
974 4256 1166 4322 quanquam
1188 4248 1238 4290 an·
1286 4234 1288 4267 ¹

169 4345 297 4433 tz'qnum
322 4344 415 4411 illuni
443 4344 593 4411 codicem
615 4346 750 4412 minime
772 4371 931 4438 negamus
965 4348 1167 4441 potuisse
1192 4369 1236 4410 ve-
