2872 4942
514 379 685 427 -ratnvuut
716 380 907 429 aniversae,
1187 362 1257 432 579

162 573 362 650 exoptatum
401 579 565 647 generum
590 554 736 620 futurum
763 580 835 619 esse
862 553 1066 646 significavit,
1093 577 1182 621 nunc
1204 555 1265 622 ali-

160 673 252 765 quirl
277 691 388 739 tamen
420 696 493 738 esse
522 672 676 750 subiicit,
710 669 801 762 quod
829 671 862 734 in
889 668 947 737 illo
974 695 1043 736 non
1069 670 1175 763 possit
1195 697 1265 738 non

161 790 381 881 improbare:
409 786 503 879 quod
532 788 658 851 amicus
685 803 785 878 atque
811 784 979 851 familiaris
996 784 1176 853 Lesbonici
1193 811 1263 854 non

162 902 366 996 impedierit
395 900 576 982 monendo,
604 900 810 994 castigando,
837 901 1069 999 obsecrandog
1084 903 1262 994 quominus

167 1043 213 1085 eo
240 1019 388 1084 libidinis
417 1018 655 1110 pravitatisque
683 1020 711 1083 is
738 1014 965 1083 delaberetur.
1009 1016 1151 1102 Etsatis
1170 1034 1264 1085 recte

142 1134 206 1198 “in
221 1133 372 1199 sodalem
396 1136 559 1212 convenit,
586 1133 694 1201 sodali
719 1152 848 1226 patrem
872 1131 1087 1226 eundemque
1110 1133 1263 1200 benevo-

168 1241 393 1315 lentissimum
408 1251 471 1314 sibi
490 1251 555 1342 ipsi
568 1274 725 1316 socerum
744 1273 890 1343 exorare.
917 1250 991 1316 Nec
1008 1248 1163 1315 codicum
1175 1248 1266 1315 indi·

173 1368 227 1432 cia
242 1364 373 1460 desunt,
386 1391 471 1458 quae
487 1366 564 1430 huic
582 1363 808 1431 emendationi
821 1363 922 1430 fidem
937 1363 1068 1431 faciant.
1093 1362 1177 1431 Nam
1193 1391 1268 1431 cum

174 1483 378 1548 Decurtatus
397 1506 471 1546 cum
492 1481 641 1547 affinibus
657 1481 751 1547 libris
770 1506 955 1575 perpaucas
968 1498 1188 1574 personarum
1205 1504 1268 1548 no-

174 1615 225 1661 tas
249 1598 422 1676 servarint,
444 1598 552 1665 Vetus
570 1595 707 1688 quidem
729 1599 788 1665 etsi
807 1598 870 1664 hac
895 1599 931 1661 in
953 1622 1053 1662 scena
1071 1595 1268 1690 saepissime

176 1735 220 1776 eo
248 1713 281 1776 in
307 1736 431 1803 genere
457 1715 619 1804 peccavit,
643 1729 752 1778 tamen
776 1713 841 1804 ipsi
867 1713 979 1778 versui
999 1708 1041 1778 lt
1072 1734 1139 1778 non
1163 1711 1266 1778 Calli·
1308 1765 1310 1768 >

141 1906 150 1929 -.
179 1824 242 1892 clis
264 1824 450 1918 praemisit,
478 1827 538 1894 sed
564 1827 719 1920 Lysitelis
742 1847 875 1903 notam,
902 1829 1052 1920 itemque
1075 1829 1184 1893 versui
1211 1826 1269 1909 54,
1293 1888 1301 1908 .,

177 1958 215 2005 et
240 1967 352 2006 versus
371 1940 417 2008 55
445 1967 509 2033 ego
535 1946 621 2014 vuci.
647 1978 697 1992 -
723 1945 876 2010 Nuueinc
903 1943 1004 2045 igitur
1029 1960 1120 2009 recte
1145 1969 1181 2039 se
1207 1944 1269 2013 ha-

177 2057 241 2121 bet
279 2082 432 2123 versuum
465 2059 522 2151 qui
555 2048 652 2153 vulga
690 2059 843 2125 seruntur
876 2058 934 2128 42.
966 2059 1013 2126 43
1047 2057 1269 2127 continuitas?
1318 2060 1320 2065 ’

177 2172 321 2238 Minime
345 2197 436 2238 vero.
476 2173 545 2239 Etsi
574 2176 661 2240 euim
690 2200 758 2241 non
784 2192 882 2253 tanta,
910 2193 1032 2267 quantu
1049 2173 1191 2255 Callicli,
1217 2200 1269 2241 as-

143 2331 148 2336 ·
180 2289 391 2373 scrutatione
417 2289 564 2382 Lysiteli,
591 2315 657 2383 quo
684 2316 719 2356 se
737 2289 910 2357 Charmidi
936 2307 1065 2383 purget,
1091 2314 1175 2382 opus
1196 2302 1268 2361 esse

179 2403 354 2482 sentimus,
382 2421 493 2470 tamen
519 2429 587 2472 non
612 2408 722 2498 potuit
747 2406 902 2499 prolecto
929 2406 964 2470 in
988 2429 1026 2471 eo
1044 2406 1271 2497 acquiescere,

178 2535 220 2584 ut
243 2519 363 2586 merito
400 2520 483 2600 sibi,
523 2524 642 2613 si‘sua
669 2520 838 2587 voluntate
865 2545 1002 2613 pessum
1035 2521 1084 2585 ire
1119 2519 1270 2587 sodalem
1306 2512 1312 2529 ⁴

178 2658 298 2727 passus
326 2654 427 2712 esset,
456 2637 642 2702 suscenseri
670 2635 826 2703 diceret..
863 2636 948 2701 Satis
973 2638 1081 2702 autern
1109 2661 1182 2701 esse
1208 2661 1272 2727 po·

179 2767 286 2827 terat,
307 2751 346 2815 si
372 2744 423 2817 vel
456 2750 587 2817 duo-hus
613 2750 785 2817 versiculis
815 2751 946 2844 culpam
974 2778 991 2816 a
1018 2777 1053 2818 se
1081 2769 1279 2847 segffgaret

176 2863 273 2932 velut
297 2865 363 2932 lroc
391 2866 560 2959 exemplo:
593 2898 611 2939 a.

284 2978 325 3046 Si
349 2977 387 3046 id
412 3007 488 3046 ntea
515 2976 689 3051 voluntale
713 2984 894 3063 factumst,
922 2973 973 3045 e'st
999 2978 1091 3071 quod
1115 2979 1199 3045 arilei
1213 3003 1270 3044 su-

777 3091 948 3166 scenseas.

286 3207 413 3282 Ve'rum
437 3213 634 3279 incendium
659 3206 735 3287 ribi,
763 3210 856 3304 quod
877 3208 1047 3283 comedat,
1076 3204 1142 3276 sibi
1162 3234 1283 3304 para·-¹

772 3343 843 3392 tum
868 3321 1049 3405 invenerit,

284 3433 395 3532 ‘Ipsus
419 3443 486 3506 scis
511 3466 611 3536 quam
637 3436 683 3508 sit
708 3440 846 3532 difficile
881 3435 992 3530 offiisa
1027 3465 1117 3536 aqua
1142 3433 1269 3507 restin-

777 3580 894 3649 gnere.

284 3667 345 3740 Se't
370 3655 445 3739 sine
471 3698 523 3738 me
545 3673 609 3738 ἧος
633 3673 693 3738 abs
720 3689 754 3739 te
779 3669 963 3767 impetrare
989 3666 1080 3764 quud
1107 3669 1214 3736 volo..-
