2872 4942
163 354 236 426 382
557 377 597 418 rr·
623 377 665 418 ne
688 376 865 423 raraarsvs

167 547 368 617 satisfactum
394 573 468 615 esse
493 549 655 617 Sisennae
679 549 761 618 fidei
787 551 896 621 videri
922 570 1051 646 potest:
1092 568 1169 622 nort
1192 566 1252 648 pag

167 683 233 734 test
255 665 427 753 Plautinae
452 666 514 732 arti
540 685 572 733 et
594 665 785 759 elegantiae.
829 670 998 737 Rationem
1026 668 1101 735 de'
1185 672 1254 737 mat

166 781 345 874 prosodiae
371 799 508 874 praeter
535 801 659 848 certam
686 784 966 852 consuetudinem
991 786 1060 851 ra'
1116 782 1165 867 ψ’
1183 756 1247 857 fliz

166 899 255 963 enim
281 896 347 964 huc
370 897 617 965 accommodari
644 896 729 964 illud
752 902 915 997 poterit„
938 900 1033 994 quod
1069 903 1106 967 in
1140 902 1247 971 similis
1274 890 1277 895 ¹

164 1014 237 1080 soni
262 1013 365 1080 verbo
391 1013 522 1079 latrare
556 1013 679 1080 factum
710 1032 788 1106 post
811 1017 967 1085 Vossium
1000 1001 1185 1086 Aristoteli.
1208 1020 1245 1098 ll,

169 1131 213 1201 16
239 1154 274 1221 p-
299 1129 372 1199 292
397 1130 436 1196 C.
460 1133 497 1196 L.
523 1129 756 1198 Schneiderus
782 1132 929 1198 Gramm.
953 1131 1011 1199 lat.
1034 1133 1063 1209 Ι,
1088 1138 1104 1201 l
1133 1160 1167 1226 p.
1183 1133 1247 1207 680

164 1236 293 1312 statuit:
320 1246 411 1312 cuius
435 1245 576 1339 quidem
601 1248 696 1313 verbi
719 1250 827 1338 prima
853 1246 978 1341 syllaba
1004 1248 1188 1342 antiquitus
1207 1250 1248 1315 vi·

166 1358 264 1425 detur
296 1385 360 1452 pro
392 1359 490 1452 longa
527 1361 626 1427 luisse
653 1386 692 1428 ac
718 1363 905 1453 posteriore
931 1362 1067 1430 demum
1092 1383 1197 1431 aetate
1216 1365 1245 1430 in

163 1473 277 1560 salsam
314 1474 427 1540 talium
470 1468 664 1542 societatem
698 1502 715 1541 a
752 1476 862 1569 poetis
893 1502 966 1543 esse
997 1478 1119 1559 ascita,
1146 1477 1244 1572 qualia

164 1634 240 1682 sunt
257 1589 381 1707 plitris,
410 1611 587 1707 pharetra.
637 1616 719 1683 Nec·
738 1635 832 1713 certe
867 1618 1056 1683 necessario
1081 1614 1244 1717 colreptae

163 1732 197 1796 in
223 1731 377 1796 latrones
409 1756 490 1798 voce
524 1731 824 1824 antepaenultimae
846 1730 1039 1799 Plautinum
1064 1732 1242 1827 sscmplum

163 1863 268 1941 exstat
290 1863 424 1942 praeter
450 1845 554 1913 Stich·
577 1847 603 1924 l,
630 1850 663 1927 2,
691 1845 755 1916 76:

262 1986 366 2030 vosne
391 1962 546 2028 latrones
577 1979 612 2028 et
642 1961 817 2028 marzdicos
842 1961 1000 2027 homines
1024 1966 1148 2053 magni
1165 1985 1240 2056 pea-

759 2077 866 2145 ditis?

160 2195 265 2290 idque
286 2197 395 2289 ipsum
422 2196 612 2286 ambiguum
635 2211 837 2286 propterea,
874 2193 966 2287 quod
997 2194 1040 2260 ad
1063 2191 1238 2261 similitudi·

161 2314 239 2380 nem
253 2317 322 2388 vin,
345 2310 452 2376 audin
466 2310 646 2377 formarum
664 2336 706 2376 ex
730 2315 833 2392 visne,
848 2309 992 2377 audisne
1009 2329 1236 2378 contractarum

161 2430 272 2522 potuit
293 2428 430 2495 sortasse
457 2428 555 2493 etiam
583 2449 686 2493 vosne
711 2452 773 2492 una
800 2426 926 2520 syllaba
952 2430 979 2494 si
1005 2430 1115 2494 minus
1140 2425 1236 2504 scribi,

162 2563 195 2612 at
227 2542 446 2636 pronuntiari,
485 2543 684 2635 praesertim
729 2569 802 2609 cum
836 2542 963 2636 aliquid
988 2542 1163 2610 molestiae
1192 2539 1238 2606 ille

163 2658 314 2753 dactylus
348 2659 497 2725 haberet.
545 2657 615 2726 Sed
654 2676 765 2724 tannen
799 2685 864 2726 nec
901 2686 975 2727 cum
1002 2660 1136 2726 latrare
1158 2653 1236 2725 verbi

162 2774 267 2866 stirpe
295 2775 474 2867 quiequam
501 2799 677 2840 commune
698 2773 822 2840 habent
849 2775 1016 2850 latrones,
1043 2801 1110 2843 nec
1130 2777 1170 2842 ab
1186 2771 1235 2840 alia

161 2889 277 2955 radice
301 2888 377 2968 ulla,
405 2890 496 2956 cuius
523 2889 659 2981 quidem
686 2888 783 2982 longa
807 2892 849 2955 sit
876 2891 1010 2970 vocalis,
1050 2891 1129 2958 duci
1151 2887 1234 2985 posse

164 3004 254 3069 latro
281 3003 427 3070 videtur:
467 3007 535 3071 sive
576 3031 651 3072 cum
676 3007 831 3071 Varrone
856 3008 979 3098 cogitas
1007 3005 1051 3072 dc
1076 3004 1235 3077 lateribus,

163 3121 230 3184 sive
258 3117 300 3185 de
325 3118 465 3184 latendo
490 3132 571 3186 eum
590 3121 759 3186 Prisciano
786 3121 844 3200 IV,
870 3124 892 3189 2
919 3147 952 3214 p.
982 3118 1053 3189 144
1079 3124 1150 3203 Kr.,
1181 3121 1235 3187 sire

164 3235 335 3315 Varronis,
360 3237 450 3301 Festi
477 3237 652 3328 Serviique
680 3237 862 3302 sententiae
889 3236 980 3304 cedis
999 3240 1081 3304 'veri
1105 3239 1235 3305 omnium

165 3349 360 3430 simillimae,
387 3354 444 3444 qui
472 3350 657 3447 ελάτρον,
682 3350 872 3445 λατρεύειν
893 3371 1000 3419 ortum
1019 3346 1234 3445 perhibent*)

213 3460 276 3555 (5.)
303 3467 427 3533 Verbis
453 3468 657 3560 aliquantum
684 3466 875 3560 perplexis,
908 3467 970 3533 sed
1004 3468 1103 3561 plana
1141 3487 1234 3552 umen

165 3582 327 3647 sententia
367 3599 500 3647 testatus
535 3602 583 3649 est
619 3585 757 3651 Sisenna
793 3586 827 3650 in
853 3583 1108 3676 Amphitruonis
1142 3583 1236 3674 aliquo

164 3695 240 3763 loco
278 3714 441 3789 qrtattaor
474 3698 658 3789 gerrcribas
698 3724 851 3765 versuum
889 3697 1053 3765 accedere
1085 3701 1235 3794 quintam,

164 3888 453 3900 --——=—-——--·

216 3960 240 4027 ³)
267 3957 306 4008 De
333 3955 382 4007 hoc
408 3956 508 4007 scholio
536 3957 661 4008 Sisennae
691 3956 754 4007 haec
777 3957 808 4007 ad
834 3971 882 4007 nos
900 3955 1060 4006 Hermaunus
1082 3949 1232 4022 perscripsit:

270 4045 426 4108 „Latronem
452 4043 548 4094 konnte
572 4045 680 4094 Sisenna
708 4042 779 4094 wohl
810 4045 843 4094 im
876 4041 1040 4118 Commenta·
1066 4058 1123 4093 zum
1148 4038 1232 4092 araur

269 4131 340 4182 nicht
358 4148 403 4182 aus
421 4132 517 4183 diesem
538 4132 643 4194 strete,
657 4131 767 4181 sondern
790 4131 817 4181 in
835 4131 907 4181 einer
926 4128 1136 4197 gelegentlichen
1151 4117 1233 4179 dolii·

268 4234 333 4284 rung
358 4219 404 4269 des
431 4220 533 4269 Wortcs
561 4234 606 4268 aus
629 4217 687 4268 dein
714 4218 837 4269 Curculio
867 4218 984 4269 eru'ihnt
1011 4217 1104 4269 haben.
1142 4205 1232 4267 Unrccli

265 4304 326 4355 aber
354 4305 396 4355 hat
423 4321 451 4356 er
475 4305 612 4367 democh,
640 4304 672 4354 du
697 4307 794 4372 gewiss
813 4306 918 4357 Plautus
942 4305 984 4355 die
1003 4313 1072 4356 erate
1088 4292 1232 4370 sytuenicht

267 4393 330 4441 wird
349 4392 410 4458 lang
429 4392 570 4460 gebraucht
589 4392 699 4444 habena·
