2872 4942
526 368 716 413 Paternum.
1117 370 1171 413 XIX

76 557 140 613 est,
173 538 231 630 qui
264 539 299 604 in
332 562 371 603 re
405 536 599 604 secundaria
633 537 796 631 loquendi
829 560 928 604 ‘usum
956 565 1032 607 suae
1058 544 1171 633 aetatis

77 657 131 704 sat
156 636 339 707 excusabili
364 639 490 703 incuria
518 656 682 730 sequatur.
721 642 916 730 Quanquam
940 639 996 703 illa
1018 640 1171 731 exempla

78 741 106 804 si
146 738 192 803 ita
218 738 430 825 troia-fecimus
452 739 719 829 interpretamur,
747 756 782 803 ut
808 737 851 801 de
878 738 1045 804 subselliis
1072 739 1171 805 «lonso

79 838 284 928 apportatis·
302 853 334 900 et
366 838 398 899 io
424 836 541 901 boram
567 839 687 927 paratis
716 824 899 929 cogitetur:
920 863 982 902 nec
1006 841 1041 902 iu
1067 837 1174 928 negli-

80 939 219 1029 gentiae
265 954 523 1026 temporumque
569 953 831 1025 permutatorum
874 936 923 1001 vel
952 934 1174 1033 ⁵leuissimum

84 1038 215 1101 crimen
235 1035 356 1098 Cicero
384 1036 533 1113 incurrit,
560 1059 622 1098 nec
647 1059 707 1099 uos
736 1036 905 1100 statuimus
933 1036 1021 1125 quod
1052 1060 1118 1101 non
1141 1038 1175 1099 iu

87 1152 302 1203 contestatam
318 1135 376 1207 ,rei
400 1135 572 1198 universae
598 1135 791 1211 eremium
816 1137 968 1224 apprime
990 1136 1174 1200 conveniat.

89 1235 194 1325 Eique
219 1235 268 1296 rei
297 1257 371 1298 mox
398 1256 519 1297 novum
547 1231 782 1297 documentum
810 1233 986 1298 afferemus
1010 1260 1041 1325 p.
1057 1235 1132 1299 XX.

184 1343 221 1405 P.
249 1345 312 1403 Μ
336 1357 416 1398 cum.
446 1331 490 1396 de
524 1334 664 1396 servis
694 1330 931 1397 fabularum
959 1351 1176 1423 spectato·

86 1433 207 1496 ribus
231 1428 284 1495 vel
310 1431 421 1522 potius
447 1454 516 1494 uon
541 1431 782 1520 spectatoribus
810 1430 976 1510 dicebam,
1003 1455 1069 1496 uon
1090 1430 1183 1511 obli„

12 1537 17 1546 ’
84 1548 138 1596 tue
165 1554 255 1595 eram
282 1531 438 1601 orationis
462 1528 505 1594 ‹le
531 1529 742 1621 haruspicum
770 1530 939 1621 responsis
965 1529 1007 1615 (c.
1029 1536 1084 1598 ll.
1106 1527 1196 1614 l‘l),

84 1628 146 1694 sed
174 1626 331 1699 nolebam
358 1629 398 1693 iis
428 1631 483 1707 uti,
511 1653 597 1720 quae
623 1627 666 1692 ad
685 1647 835 1719 tempora
860 1628 1078 1694 diversissima
1099 1655 1178 1723 spc—
1239 1624 1245 1643 '

86 1745 226 1794 cierent.
254 1727 459 1818 Quanquam,
488 1750 592 1818 quae
619 1726 754 1818 quidem
781 1726 875 1792 illiue
895 1727 1006 1819 colligi
1028 1734 1176 1820 possunt,

84 1853 102 1892 a
126 1827 225 1892 nobis
250 1824 424 1917 disputatis
451 1851 519 1893 noo
541 1825 642 1891 modo
668 1850 735 1891 noo
763 1845 958 1918 repugnant,
986 1828 1047 1892 scd
1074 1827 1177 1892 fidem

87 1927 201 2017 potius
227 1923 365 1991 addunt.
389 1927 471 1990 Nam
499 1924 589 2016 quod
617 1923 703 1999 ludis
733 1924 984 2015 Megalensibus
1009 1929 1084 1991 anni
1107 1928 1177 1997 697

88 2024 232 2088 collecta
264 2049 310 2088 ex
337 2023 489 2088 virtuibus
522 2028 601 2089 uicis
630 2028 682 2088 ris
719 2025 977 2089 innumerabilis
1004 2050 1178 2090 serrorum

87 2149 113 2188 a
138 2124 176 2189 P.
201 2123 322 2190 Clodio
350 2123 461 2187 aedile
489 2122 611 2187 dieitur
636 2141 777 2212 repente
789 2125 992 2207 fornicibus
1017 2129 1178 2215 ostiisque

87 2221 245 2288 orantibus
272 2226 311 2307 iq
331 2246 506 2297 „retinam¹
520 2225 668 2286 immissu
694 2227 870 2312 irrupisse:
885 2247 1117 2286 —serrorum
1143 2239 1178 2286 et

87 2321 259 2387 ludicrum
285 2321 497 2387 multitudini
518 2320 655 2388 Clodius
680 2338 837 2385 senatum
862 2322 1085 2414 populumque
1105 2322 1176 2386 Ro-

86 2445 250 2497 manum,
284 2425 432 2487 uinctum
457 2425 528 2512 ipse
552 2444 709 2484 consessu
737 2438 770 2484 et
796 2424 1017 2487 constrictum
1042 2437 1175 2510 specta-

82 2523 170 2586 culis
197 2537 297 2612 ntque
320 2519 516 2611 impeditum
538 2518 639 2584 turba
660 2536 692 2583 ct
712 2524 890 2608 origustiis,
908 2518 1111 2584 tradidisse:
1127 2556 1176 2572 -

93 2619 191 2682 rtulla
214 2621 274 2684 bos
297 2619 394 2685 ludos
411 2636 587 2682 matrona
620 2617 732 2682 odisse
765 2635 908 2708 propter
946 2623 1009 2683 rim
1041 2643 1178 2682 coisses-

95 2740 236 2808 snmque
259 2722 441 2784 servoruum
463 2755 507 2767 -
521 2721 612 2782 servi
637 2742 691 2781 eos
704 2718 850 2804 secisse,
873 2723 965 2783 serui
987 2734 1183 2809 spectasse!

94 2831 176 2879 lota
199 2813 340 2908 demque
365 2841 537 2883 serrorum
563 2817 756 2905 Megalesia
769 2820 904 2902 juisse:
924 2852 967 2865 --
987 2817 1052 2884 hoc
1077 2842 1176 2882 omne

86 2939 231 3006 prorsus
256 2915 455 3007 singularem
479 2917 528 2980 rei
549 2917 715 2980 inauditae
738 2917 926 3008 atrocisque
949 2934 1084 3009 praeter
1106 2941 1178 2982 uro-

85 3014 335 3080 1·cmlaciooris
358 3014 569 3080 insolentiam
589 3032 731 3081 testatur.
767 3015 891 3079 Contra
917 3014 1006 3106 qtiotl
1024 3016 1126 3080 Caius
1142 3031 1177 3078 et

86 3111 218 3204 Appius
235 3113 371 3179 Claudii
391 3115 557 3189 dicuntur,
583 3139 655 3177 curn
682 3113 779 3177 ludos
795 3117 977 3199 facerent,
997 3139 1111 3178 servos
1131 3113 1174 3178 de

85 3237 193 3278 eavea
218 3218 314 3279 exire
340 3216 486 3288 iussisse,
514 3238 552 3278 co
579 3213 644 3278 duo
673 3211 767 3277 simul
786 3212 965 3278 docemur:
992 3213 1189 3305 legitimum*

88 3310 227 3402 quidem
254 3329 288 3377 et
313 3314 426 3404 quavis
453 3312 634 3378 offensione
658 3337 793 3378 vacnum
822 3311 864 3376 ad
892 3338 1024 3379 caveam
1047 3311 1174 3378 aditum

91 3411 194 3475 servis
218 3435 289 3477 non
314 3408 514 3491 fuisse‚'se‹l
541 3410 684 3476 eundem
708 3436 766 3476 usu
794 3429 914 3488 tamen,
941 3413 1007 3475 sive
1035 3412 1174 3478 abusum

87 3507 201 3574 dicere
226 3507 395 3590 malueris,
420 3509 597 3576 invaluisse
624 3528 722 3600 atque
748 3508 783 3573 id
815 3508 969 3576 licentiae
997 3512 1097 3575 servis
1122 3511 1174 3573 in-

84 3605 228 3698 dulsisse
265 3611 488 3700 magistratus:
528 3609 650 3700 alioqui
685 3633 749 3673 nec
779 3610 829 3674 ius
862 3609 977 3675 fuisset
1010 3607 1172 3674 aedilibus

82 3707 372 3773 exturbandorum
410 3732 590 3787 servorum,
625 3733 687 3773 nec
715 3724 852 3798 praeter
883 3726 1014 3772 ceteros
1040 3707 1171 3772 Claudii

83 3807 295 3896 potissimum
326 3807 376 3871 illi
407 3823 749 3873 commemorarentur
777 3824 933 3898 tanquam
956 3809 1172 3897 praecipuam

81 3904 223 3970 laudem
250 3898 441 3972 meriti'e-
467 3908 624 3972 Ceterum
654 3904 744 3996 quod
773 3924 805 3970 et
831 3911 859 3982 ᾗ.
887 3909 933 3972 ‘22
960 3905 1068 3970 verbis
1094 3923 1171 3969 ante

81 4002 194 4089 allat'u
228 4022 261 4069 et
285 4006 312 4092 §.
340 4007 385 4072 25
422 4006 470 4070 his
503 4006 630 4070 verbis:
664 4008 763 4068 diruto
787 4008 979 4077 servitium,
1004 4008 1169 4093 permissu
1232 4056 1235 4062 Δ

79 4107 310 4193 inagis-tratur
350 4103 537 4184 liberatum,
571 4109 607 4167 iu
643 4103 788 4168 alteram
815 4127 952 4168 scenam
975 4107 1170 4177 immissum,

78 4203 190 4269 alteri
219 4208 458 4294 praepositum,
490 4221 525 4268 ut
549 4204 640 4268 alter
665 4228 841 4268 eorzsessus
862 4208 1029 4293 potestati
1037 4227 1168 4303 ⁴serro-

80 4328 161 4367 rum
184 4301 398 4384 obiiaeretur,
423 4302 512 4367 ulter
533 4327 705 4370 servorum
725 4319 816 4367 totus
839 4320 941 4377 esset:
969 4328 1095 4368 scena
1120 4319 1168 4368 est

359 4394 374 4441 a·
