2872 4942
64 400 71 421 ‚
168 330 241 405 420
587 357 642 398 vu.
669 356 711 397 ne
735 355 849 400 rusori

169 532 304 595 iremus
343 526 483 620 proclivi
517 527 694 594 scribentis
732 526 838 619 lapsu.
895 526 1192 610 Quemadmodum
1221 532 1248 596 ia

71 720 75 738 x
168 647 243 738 ipso
270 642 538 711 alreroPnlatino
565 668 632 710 non
655 668 780 736 paucos
800 644 1021 712 versusinter
1042 647 1248 721 scribendum

168 761 421 853 praetermissos
436 759 590 825 librarius
608 760 858 853 inmerginibus
881 758 1021 829 adiecit:
1049 762 1145 831 unde
1162 789 1246 857 qnam

169 875 267 942 facile
294 876 334 941 nh
361 873 432 943 aliis
458 877 493 940 in
518 875 649 942 subulae
663 877 913 943 continuitatem
928 877 1035 945 inseri
1045 878 1167 947 olienis
1179 879 1247 948 loeis

168 991 357 1083 potuerint,
384 1015 452 1057 non
479 1008 529 1056 est
554 989 647 1083 quod
672 1015 862 1083 persequer
874 989 1016 1085 longius.
1048 992 1166 1088 Atque
1183 1020 1247 1088 per-

166 1131 284 1196 peram
310 1106 505 1172 iteratorum
527 1130 681 1171 versuum
715 1104 868 1198 exempla
892 1107 1025 1200 inipso
1052 1109 1246 1179 Bacchidem

166 1222 260 1287 initio
286 1219 423 1287 Palatini
449 1219 526 1285 libri
554 1221 739 1313 praebent,
779 1223 814 1288 in
848 1246 995 1315 quorum
1026 1226 1138 1295 veteri
1171 1227 1244 1306 l,‘.‘‚

165 1337 222 1406 60.
241 1334 283 1403 61
305 1353 337 1402 et
354 1360 413 1403 suo
438 1333 514 1403 loco
541 1355 574 1403 et
596 1355 672 1404 ante
692 1364 720 1403 v.
734 1338 782 1408 58
807 1339 925 1430 positi,
954 1340 991 1405 in
1012 1339 1123 1410 altero
1148 1360 1247 1409 nmen

165 1453 191 1532 l,
221 1458 252 1530 1,
278 1454 323 1522 73
351 1471 386 1518 et
411 1449 458 1521 74
485 1452 532 1518 sic
555 1453 672 1544 scripti
698 1469 792 1519 sunt:

312 1586 374 1651 Na
396 1600 433 1649 ut
459 1588 542 1650 navi
566 1602 678 1652 vectes
704 1583 807 1650 eredo
847 1583 968 1650 timida
994 1610 1040 1652 es.
1072 1587 1244 1681 olrpuonti

756 1723 857 1766 soror

313 1814 424 1883 Simul
447 1815 525 1882 huic
558 1821 673 1882 nescio
700 1819 759 1911 qui
779 1813 919 1882 turbare
943 1816 1069 1910 quibua
1094 1823 1125 1885 it
1154 1817 1243 1887 deee-

759 1928 881 1996 damus

309 2047 370 2112 Νᾶ
390 2063 428 2112 ut
454 2052 575 2113 innavi
601 2063 712 2114 vectes
736 2045 839 2112 creda
867 2045 989 2113 timida
1013 2072 1051 2114 es
1073 2038 1245 2146 aliquanti

752 2184 861 2227 soror.

160 2277 236 2346 Non
263 2280 364 2372 magis
391 2296 502 2344 autem
526 2276 631 2342 altero
657 2299 796 2342 moveor
820 2275 948 2343 Osanni
972 2299 1189 2371 argumento,
1209 2295 1238 2344 ut

162 2393 334 2487 duplicem
359 2395 441 2459 mihi
478 2392 624 2462 fabulae.
642 2391 875 2459 recensionem
908 2392 1107 2484 persuaderi
1147 2394 1237 2487 potin

161 2512 228 2577 sive
248 2511 289 2577 ab
309 2512 383 2603 ipso
397 2526 498 2601 poeta
516 2509 583 2574 sive
595 2509 706 2600 prisca
728 2525 836 2573 aetate
853 2507 969 2575 dedita
986 2508 1126 2602 quidem
1148 2533 1237 2604 open

162 2644 196 2693 et
221 2644 312 2694 certo
340 2624 479 2692 consilio
505 2624 634 2691 saetam.
689 2625 772 2689 Nam
800 2648 877 2689 sane
900 2625 929 2689 si
947 2623 1116 2717 quaslibet
1138 2623 1234 2692 velli-

159 2744 348 2808 brariorum
376 2744 488 2808 turbas
517 2740 570 2806 vel
594 2738 775 2805 sciolorum
797 2738 889 2805 lusus
905 2738 935 2825 ⁴¹)
971 2741 1102 2808 hebere
1128 2765 1235 2809 reeen-

161 2859 291 2924 sionum
317 2836 350 2921 in
376 2881 518 2922 numero
554 2857 699 2920 animum
734 2853 925 2936 induxeris,
962 2882 1026 2923 neo
1058 2881 1122 2950 ego
1154 2856 1232 2923 litem

160 2972 296 3038 Osanno
321 2996 449 3038 moveo.
484 2972 604 3063 Neque
621 2971 709 3035 enim
722 2969 785 3036 alio
811 2994 852 3035 ex
873 2971 964 3037 sonte
985 2996 1102 3038 eorum
1118 2975 1153 3038 in
1166 2976 1232 3038 Bae-

163 3086 251 3152 chid.
278 3088 336 3166 IH,
363 3078 397 3167 ll,
417 3084 540 3179 14sqq.
571 3111 722 3151 versuum
747 3084 979 3153 condicionem
1005 3105 1137 3180 repeto,
1163 3109 1230 3180 quos

162 3203 246 3268 infra
273 3204 388 3295 posui:

260 3321 299 3388 V
294 3343 388 3383 erum
413 3342 513 3410 quam
540 3318 599 3383 illa
623 3322 773 3408 unquam
797 3314 841 3380 de
865 3340 942 3380 mea
964 3324 1115 3410 pecunia

223 3420 231 3433 i
258 3435 431 3503 Ramenta
451 3435 519 3525 fiat
540 3434 675 3525 plumea
697 3435 912 3524 propensior,
1196 3430 1227 3497 15

75 3556 77 3562 '
163 3610 175 3631 ..,
259 3550 460 3619 Mendicum
486 3549 599 3614 malim
622 3545 852 3613 mendicando
876 3551 1023 3614 vincere.

259 3666 442 3759 Nunquam
466 3664 587 3756 edepol
612 3669 718 3731 vivom
746 3688 798 3728 nze
823 3661 998 3730 irridebit:
1022 3690 1105 3730 num
1127 3663 1202 3731 milri

212 3868 217 3881 .
264 3784 481 3849 Decretumst
505 3805 728 3847 renumerare
754 3783 822 3843 iam
848 3803 948 3846 omne
973 3804 1095 3848 aarum
1114 3782 1208 3875 patri.

188 3886 217 3927 '¹
260 3900 379 3989 Igitur
401 3902 447 3962 mi
470 3901 571 3962 inani
594 3913 697 3988 atque
724 3901 819 3988 inopi
842 3896 1118 3964 subblandibitur

261 4017 361 4090 Tum,
387 4038 486 4107 quom
511 4013 618 4078 nilu'lo
643 4013 719 4104 plus
747 4009 811 4100 [ad
833 4039 932 4078 suam
954 4000 1154 4107 rem'istuc]
1188 4031 1228 4075 re

749 4132 862 4216 feret,
1196 4120 1229 4192 20

165 4278 252 4287 ...η-,ν-
274 4283 305 4288 ..ν-
312 4283 324 4288 -
330 4280 457 4290 ..ᾳ-...ο-

221 4375 248 4440 *)
270 4374 377 4427 vberius
400 4376 451 4428 hoc
468 4392 551 4444 genus
568 4378 719 4429 uniuersum
737 4376 806 4432 Diss.
826 4376 862 4429 lx
882 4384 908 4428 oi
926 4376 984 4429 xiv
1006 4383 1180 4444 numentum
1195 4372 1228 4418 esi.
