2872 4942
450 356 485 399 ιι.
511 358 554 399 aa
580 353 708 401 aurare
738 354 872 402 auturn-
1160 332 1205 403 61

135 548 309 622 usurpatum
337 525 468 620 lapides
495 546 672 609 testantur,
705 529 750 596 de
777 530 898 621 quibus
925 527 990 597 vid
1019 527 1127 600 Orell.
1153 533 1209 596 ln-

135 670 177 714 ιιι.
209 645 265 710 lat
292 643 325 722 Ι,
352 669 388 734 p.
415 641 496 711 457.
549 643 648 725 Quid,
687 640 780 736 quod
817 645 883 735 ipsi
908 668 1034 711 oruata
1062 667 1087 708 a·
1108 669 1212 711 sesua

135 758 393 850 uinseriptione
415 758 616 825 Gruteriana
649 754 740 838 467,
776 765 796 830 7
824 759 958 825 estant?
1008 757 1143 825 Talium
1171 758 1211 826 iu

135 896 257 941 umero
285 896 463 964 operarum
490 871 545 939 rel
570 875 801 965 operariorum
827 871 962 941 Plautus
988 873 1065 941 suit:
1091 865 1221 971 [quisi

136 989 170 1057 la
194 991 264 1055 iam
289 1004 397 1055 aetate
423 986 551 1054 fabulas
575 986 775 1079 scripsisset,
802 1012 882 1080 quas
907 986 1045 1080 quidem
1065 988 1215 1056 vendere

135 1103 288 1195 edilibus
312 1118 432 1194 posset
455 1099 498 1185 *),
532 1126 597 1169 nec
623 1101 738 1167 suisset
762 1125 823 1167 cur
847 1099 891 1168 ad
916 1100 1092 1171 illiberale
1114 1104 1214 1169 mini-

135 1219 254 1285 terium
292 1242 328 1283 se
363 1215 553 1295 conferret,
588 1241 652 1283 nec
688 1217 844 1289 Varroni
876 1232 912 1281 et
941 1217 1112 1310 plerisque
1137 1220 1215 1285 aliis

135 1356 202 1399 iaec
225 1331 340 1423 potius
372 1354 473 1422 quam
499 1329 555 1397 illa
583 1329 829 1422 comparandae
855 1331 1020 1421 pecuniae
1045 1333 1096 1399 via
1122 1352 1215 1401 com-

135 1443 338 1529 aemoranda
366 1461 455 1512 erat:
481 1443 585 1513 multo
612 1463 725 1511 autem
748 1447 856 1515 atinus
883 1463 965 1525 erat,
997 1470 1056 1513 cur
1077 1448 1217 1515 Romam

135 1586 276 1631 eversus
302 1562 346 1629 ob
371 1559 602 1652 quaerendum
627 1562 748 1628 victum
777 1584 914 1652 operam
937 1562 1098 1653 pistoriis
1114 1581 1216 1655 poeta

135 1692 259 1754 sceret,
286 1672 340 1741 vel
368 1691 461 1741 certe
484 1674 624 1741 locatam
651 1699 714 1766 per
739 1691 876 1741 tantum.
894 1694 1039 1767 tempus,
1055 1696 1217 1769 quantum

135 1793 226 1857 ribus
252 1789 375 1859 fabulis
401 1789 564 1857 faciendis
591 1791 764 1869 sufficeret,
792 1791 1011 1872 continuaret,
1038 1793 1097 1884 qui
1122 1795 1215 1886 prius

135 1907 255 2000 criptis
281 1904 401 1973 fabulis
428 1905 493 1971 ium
519 1906 725 1973 innotuisset
765 1907 889 1988 ¹Quare
922 1906 970 1975 sic
1001 1909 1113 1999 potius
1146 1911 1218 1977 axi-

136 2018 343 2101 timaudum,
380 2021 558 2087 excitatum
592 2018 686 2087 illum
718 2021 880 2112 pristinae
915 2019 1125 2092 condicionis
1159 2051 1218 2092 re-

135 2134 318 2203 eordatione
360 2153 393 2200 et
426 2135 579 2202 scenicae
613 2136 691 2202 artis
727 2133 967 2201 cousuetudine
995 2136 1142 2205 adiutum
1182 2142 1219 2206 in

135 2251 265 2318 »istrino
293 2248 427 2316 demum
451 2249 494 2315 ad
517 2248 734 2317 scribendum
749 2250 894 2315 animum
911 2250 1097 2343 appulisse.
1124 2255 1218 2335 Quae

137 2368 148 2431 i
169 2364 406 2460 ‚probabiliter
432 2363 680 2456 disputavimus,
706 2365 821 2457 ecquis
847 2366 952 2431 breve
967 2368 1126 2457 temporis
1142 2392 1219 2459 spa-

135 2483 207 2547 ium
233 2480 388 2547 sufficere
416 2480 479 2544 sibi
506 2477 716 2572 persuadeat,
743 2504 810 2571 qno
838 2496 886 2546 tot
913 2477 1057 2572 taliaque
1082 2497 1219 2575 tamque

135 2595 259 2665 litem
283 2595 417 2688 negotia
449 2620 533 2660 uuus
569 2595 668 2661 homo
695 2593 821 2685 egerit?
858 2594 911 2662 cui
942 2596 1086 2685 primum
1113 2622 1218 2689 pecu-

135 2713 201 2779 aiae
231 2728 360 2777 tantum
394 2708 552 2776 vilissimo
592 2708 732 2801 quidem
759 2709 943 2776 ministerio
971 2709 1222 2781 corradcudum

135 2844 225 2906 asset,
250 2841 376 2919 quanto
396 2823 439 2890 ad
452 2842 673 2890 mercaturam
691 2822 877 2890 sariendam
891 2848 974 2917 opus
986 2842 1082 2907 essct,
1098 2825 1223 2896 deinde

135 2939 417 3036 peregrinandum
456 2958 489 3006 et
513 2938 772 3032 negotiandum,
807 2957 875 3005 tum
906 2940 1046 3005 Romam
1075 2940 1223 3009 redeuu-

135 3057 222 3137 lum,
246 3073 420 3150 postremo
443 3056 481 3120 in
506 3054 647 3146 pistrino
674 3053 897 3146 operandum.
937 3056 983 3123 Vt
1003 3056 1153 3147 brcyiter
1169 3057 1222 3124 di-

135 3196 213 3238 :am-
235 3168 331 3263 quod
355 3170 480 3247 sentio:
514 3192 592 3234 non·
618 3167 751 3236 videtur
785 3167 843 3234 ille
873 3187 949 3235 ante
979 3171 1065 3237 vitae
1098 3178 1224 3239 annum

135 3287 238 3353 ierme
263 3284 475 3378 trigesimum·
494 3282 622 3349 fabulas
649 3282 815 3369 docuisse,
840 3308 877 3350 ea
900 3300 1012 3349 autem
1030 3286 1103 3376 ipsa
1117 3294 1226 3378 opera

135 3399 218 3475 illud
245 3399 468 3485 effecissent
489 3399 609 3467 relicto
635 3399 776 3490 pistrino
802 3396 976 3465 liberalius
1012 3401 1096 3466 vitae
1122 3426 1227 3494 genus

135 3516 231 3611 sequi
255 3512 387 3583 liceret
408 3513 500 3583 Male
528 3516 617 3581 enim
633 3510 893 3606 llieronymo**)
923 3517 1023 3582 cessit
1048 3516 1224 3599 variandae

135 3633 293 3699 orationis
320 3630 466 3698 studium
492 3627 674 3722 quoddam,
702 3652 768 3721 quo
791 3627 848 3695 illa
875 3628 923 3696 sic
947 3632 1128 3721 pervertit:
1168 3630 1228 3699 Ita·

135 3747 177 3835 [h.
205 3772 233 3815 e.
259 3746 349 3841 apud
373 3742 552 3840 pistorem)
589 3746 771 3837 quoties
808 3743 860 3809 ab
891 3767 1026 3836 opere
1059 3768 1223 3812 vacas-

135 3926 434 3940 mut-am

182 4011 215 4075 a)
243 4007 374 4061 Potuisset
399 4015 502 4070 autom,
527 4006 549 4058 si
573 4006 738 4071 inpromptu
759 4003 899 4057 {tabuisset
936 4006 999 4057 Num
1017 4020 1068 4057 uon
1087 4015 1158 4057 rocta
1176 4007 1227 4060 hac

241 4109 325 4158 genus
344 4095 453 4143 [titterus
473 4093 567 4143 iudicat
593 4092 653 4143 Dina·
681 4093 760 4158 antiq.
780 4090 845 4144 stud.
867 4106 890 4140 a.
913 4090 980 4143 1840
1006 4107 1031 4157 p.
1051 4092 1102 4145 375
1121 4093 1154 4145 dc
1170 4094 1225 4145 En-

241 4181 286 4231 nio
305 4181 446 4246 disputans.

170 4274 226 4337 ··)-
239 4267 302 4330 Aut,
320 4275 349 4318 ut
362 4267 472 4331 videtur,
492 4266 615 4320 Suetonio
636 4266 735 4332 potius:
754 4264 786 4316 de
799 4279 850 4332 quo
862 4265 1008 4318 videmiae
1020 4265 1159 4319 voluminis
1180 4281 1229 4333 ap-

239 4353 387 4422 perdicem.

1341 774 1360 815 tl·
