2872 4942
213 325 286 403 48⁰
431 351 496 397 utu.
537 353 579 397 ue
607 350 753 395 caretro
776 349 950 413 speram
976 347 1101 393 uantur
1155 334 1191 413 ²⁸¹?

242 528 313 598 103
437 524 505 591 Dic
528 516 561 588 τέ
585 521 786 596 daturumo
804 538 840 586 ut
865 519 979 587 dbeat.
1029 540 1093 587 ru.
1129 543 1210 610 egon
1228 517 1263 582 di-

804 635 880 702 ca'm
904 637 1010 704 dare?
1117 704 1120 711 ,

210 755 328 832 Altero·
339 772 460 845 §utem
484 749 772 845 loc00rectissime
799 753 881 820 haec
906 751 1117 846 procedunt:

239 874 308 941 120
368 918 371 922 -
433 892 490 936 ra.
522 861 669 935 Absolve
694 867 784 934 hunc
817 893 967 962 quaeso,
1002 862 1130 935 vomitu
1163 892 1204 933 ne
1231 866 1278 931 tic

224 1006 243 1045 ο
294 1030 298 1035 -
802 1008 866 1050 nos
893 981 1015 1051 enicet.

235 1099 305 1172 124
360 1086 362 1092 Ι
427 1106 491 1187 2⁴11.
515 1094 745 1176 Adulescens,
768 1125 897 1167 mecum
920 1096 993 1168 rem
1013 1099 1103 1166 leche
1129 1125 1158 1165 e.
1183 1124 1214 1191 q.
1238 1123 1259 1163 s.

208 1217 277 1284 Iam
301 1218 391 1283 enim
417 1216 567 1308 exposita
591 1241 610 1281 a
635 1216 807 1283 Tranione
833 1216 1046 1284 mercimonii
1058 1217 1198 1294 munuc,
1221 1232 1301 1306 quo

202 1334 286 1401 ‘alias
312 1329 528 1415 aedesfilius
555 1327 646 1396 erilis
673 1332 813 1412 emerit,
839 1349 889 1398 sat
913 1351 1092 1424 promptus
1118 1329 1163 1396 ad
1187 1354 1301 1422 pecu·-

207 1453 296 1517 niam
321 1446 515 1516 solvendam
542 1471 645 1514 senex
671 1449 804 1514 exstitit
852 1418 965 1519 strsu
991 1465 1101 1513 antem
1132 1447 1200 1515 120
1216 1467 1301 1511 curt!

206 1568 326 1634 Bothio
353 1561 569 1633 scribendum
601 1563 661 1629 fuit
700 1568 825 1630 vomitu
848 1589 893 1630 ne
917 1565 974 1629 Iu'c
995 1589 1060 1630 nos
1085 1567 1200 1629 enicet
1226 1583 1301 1653 pre:

207 1707 246 1750 eo
273 1680 364 1775 quod
391 1679 547 1797 vulgans
567 1678 702 1746 absolve
727 1679 818 1745 huuc
842 1704 969 1773 quaeso
994 1683 1168 1755 vomitum,
1194 1676 1301 1742 net.

208 1823 242 1864 n.
267 1822 295 1864 e.
347 1798 556 1888 Longissrme
590 1796 678 1860 enim
712 1792 919 1873 Luciiifinum
951 1793 1036 1861 illud
1076 1793 1177 1862 distat
1199 1790 1301 1887 aput]

207 1915 353 1985 Nonium
378 1939 411 2004 p.
439 1915 471 1991 2,
495 1934 562 2004 quo
589 1892 785 1979 Trebellicis
804 1886 947 2004 qiidam
971 1910 1148 1978 videtur
1158 1909 1301 1998 febris,

205 2033 346 2113 senium,
375 2031 532 2103 vomitus,
554 2053 618 2119 pus
641 2030 762 2095 vocari.

698 2267 836 2363 §⁰⁵

326 2478 417 2544 Haec
455 2501 540 2569 quae
577 2475 783 2543 tractavimus
835 2476 990 2570 exempla
1022 2477 1067 2545 ita
1104 2488 1269 2571 comparata

204 2613 289 2676 sunt,
318 2611 353 2659 ut
380 2617 470 2660 cum
496 2592 948 2684 iteratione-coniuncta
974 2597 1015 2660 sit
1041 2595 1185 2661 affinium
1207 2613 1265 2685 par·

205 2713 263 2777 tim
298 2708 608 2801 transpositio.
665 2710 743 2774 Non
768 2709 931 2800 pertinuit
956 2709 999 2776 ad
1022 2713 1151 2778 vicinos
1176 2723 1264 2777 versut

205 2826 388 2892 iteratio
415 2823 487 2890 aliis
515 2819 679 2916 exemplis
706 2823 855 2891 eiusdem
878 2824 1032 2893 fabulae:
1060 2851 1173 2918 neque
1197 2821 1262 2889 enin

205 2942 331 3006 animus
355 2957 404 3006 est
429 2957 520 3005 extra
546 2940 648 3031 ipsius
661 2939 886 3005 Mostellariae
912 2940 996 3006 fines
1018 2943 1160 3034 evagari.
1184 2933 1264 3006 Velut

205 3058 279 3151 quis
305 3073 415 3148 potest
441 3054 619 3135 dubitare,
658 3055 739 3148 quin
772 3079 888 3122 errore
921 3073 1046 3122 tantum
1073 3056 1264 3123 librariorum

204 3173 238 3236 in
264 3171 306 3251 ll,
336 3176 350 3239 1
383 3194 496 3237 versus
521 3167 569 3237 64

305 3285 436 3353 Clavim
461 3283 543 3350 cedo
570 3301 672 3376 atque
695 3283 754 3349 abi
774 3288 866 3350 intro
885 3301 987 3377 atque
1005 3278 1146 3352 occlude
1166 3283 1265 3350 ostium

202 3403 367 3495 repetitus
391 3403 431 3467 sit
457 3381 534 3493 post
557 3428 584 3466 v.
614 3403 676 3482 77,
717 3400 826 3467 deleri
860 3403 966 3468 iussus
992 3405 1185 3494 posteriore
1205 3401 1265 3466 loco

202 3521 244 3584 ab
262 3515 437 3584 Acidalio?
460 3514 526 3582 Vel
544 3533 579 3582 ut
605 3517 734 3608 gravius
748 3516 929 3608 proferam,
957 3518 1039 3610 quin
1055 3543 1173 3585 verum
1191 3515 1263 3584 iden

202 3634 323 3703 viderit
346 3634 380 3698 in
407 3631 465 3710 ΙΙΙ,
496 3637 534 3712 1,
572 3633 631 3696 ubi
665 3632 813 3697 versibus
841 3630 898 3701 26.
927 3637 982 3704 30.
1010 3633 1068 3701 31.
1092 3635 1139 3702 39.
1164 3635 1263 3701 iterun

202 3768 280 3842 post
300 3776 329 3815 v.
359 3749 403 3818 18
430 3745 563 3813 intrusis
585 3746 670 3814 illud
694 3746 831 3827 accidit,
869 3767 975 3815 utne
1009 3750 1186 3816 continuae
1206 3744 1264 3840 qui·

203 3866 281 3932 dem
316 3882 428 3958 partes
459 3864 701 3930 traiicerentur.
767 3866 830 3948 Qui
861 3890 974 3950 uersus
1015 3892 1092 3934 cum
1123 3860 1262 3957 elegantia

202 3979 321 4046 suadet
345 3999 413 4046 tum
440 3979 523 4045 ratio
549 3976 696 4070 postulat
719 3996 755 4044 ut
779 3982 826 4046 sic
851 3981 1059 4047 scribantur:

253 4102 296 4168 17
349 4117 405 4162 Tu.
429 4087 604 4189 Numquid
626 4091 750 4160 dixisti
767 4093 811 4160 de
836 4091 907 4170 illo,
934 4096 1026 4187 quod
1050 4091 1128 4162 diri
1150 4093 1226 4162 tihi?

254 4213 298 4280 18
348 4206 652 4279 TH.Dixil1‹3'rcle
681 4235 758 4278 vero
781 4213 816 4276 ei
835 4207 959 4278 simnia.
997 4236 1053 4281 Tu.
1078 4213 1136 4278 tei
1158 4193 1259 4276 mucro

796 4324 895 4390 mihi:
