2872 4942
143 1478 585 1549 EINTERPOLATIONE
612 1484 846 1556 TRINVMMI
872 1487 1137 1558 PLAVTINAE.
1153 1486 1184 1577 ⁴¹)

951 2054 955 2061 ¹
988 1888 1036 2021 li

199 2198 432 2288 Plenissimurn
454 2219 764 2312 'interpretamentis
790 2236 890 2312 atquc
914 2216 1185 2312 interpolationi-

508 1987 787 2080 CaputI.

143 2357 163 2396 s
188 2336 339 2403 Plautum
365 2337 429 2400 iam
454 2334 731 2403 Godosredus
756 2335 1027 2403 Hermannus
1054 2335 1186 2403 dixerat

143 2451 239 2518 relat.
262 2453 356 2516 Trin.
380 2478 413 2544 p.
440 2451 498 2517 XI.
562 2452 591 2517 E
618 2474 684 2544 quo
712 2466 863 2543 tempore
891 2452 953 2517 etsi
977 2451 1013 2516 in
1037 2449 1104 2516 illis
1131 2452 1185 2519 in-

143 2566 258 2652 gaudis
299 2593 374 2633 cum
409 2565 579 2648 editores,
619 2566 726 2633 sicubi
759 2563 941 2707 relffasus
972 2563 1026 2634 vel
1051 2568 1182 2635 occasio

143 2700 217 2764 ret,
254 2681 494 2764 elaborarunt,
530 2700 600 2749 tum
626 2662 830 2775 singularerir
862 2704 1001 2781 operam
1029 2680 1183 2750 Osannus

143 2798 284 2866 inlecton
311 2825 383 2891 cap.
410 2799 502 2867 VIII.
529 2799 588 2864 IX.
613 2798 647 2864 X
672 2799 901 2893 consumpsit:
941 2791 1184 2891 tameniquan-
1280 2866 1287 2878 ,

143 2933 169 2978 n
194 2917 246 2995 sit,
271 2913 366 3007 quod
390 2916 426 2980 in
448 2915 520 2983 hoc¹
540 2939 663 3008 genere
689 2914 732 2980 sit
755 2912 925 3006 reliquum
950 2913 1083 2993 sectum,
1106 2940 1183 3007 spc-

143 3049 205 3096 nus
243 3030 316 3098 sore
350 3048 479 3098 utnon
514 3033 584 3097 sine
616 3029 727 3122 aliqua
756 3030 932 3097 miratione
966 3030 1182 3124 intelligatur.

143 3169 203 3213 am
229 3146 271 3212 ad
298 3171 373 3214 rem
399 3145 528 3239 duplici
555 3144 689 3214 videtur
721 3143 947 3238 disputatione
974 3168 1059 3240 opus
1087 3171 1181 3214 esse:

143 3283 238 3329 nrum
262 3262 368 3329 altera
378 3259 424 3348 **)
447 3262 585 3329 rationis
601 3260 796 3330 diversitate
822 3259 990 3328 discretae
1012 3262 1182 3356 certisque

145 3383 257 3448 ssibus
291 3379 471 3473 dispositae
508 3377 786 3471 interpolationes
803 3378 837 3445 'e
872 3377 1034 3447 Plautinis
1062 3377 1184 3445 fabulis

143 3498 223 3563 uctis
250 3494 518 3589 proponendae,
557 3495 660 3562 altera
694 3513 805 3562 autem
830 3495 893 3563 hac
918 3496 1016 3563 unius
1043 3493 1181 3561 alicuius

143 3611 227 3679 >ulae
253 3614 403 3702 integrae
426 3629 544 3679 cuncta
567 3611 720 3704 exempla
745 3609 929 3678 secundum
953 3634 1107 3678 versuum
1125 3632 1181 3676 or·

143 3747 209 3793 lem
235 3753 302 3794 uno
325 3729 362 3794 in
386 3728 463 3797 loco
505 3727 741 3821 componenda
774 3745 858 3795 sunt.
921 3728 1004 3793 Eum
1034 3723 1181 3795 fabulam

143 3833 588 3923 luimus,Trinnmmum
616 3868 710 3926 csse,
749 3863 785 3911 ut
819 3867 904 3935 qnae
940 3843 1181 3910 Hermanni

143 3972 211 4025 'tute
245 3986 264 4024 a
303 3961 444 4051 pristina
485 3959 671 4059 integritate
709 3951 855 4053 propius
893 3982 993 4052 quam
1030 3957 1180 4054 reliquae

151 4218 174 4287 *)
189 4214 268 4270 stin
287 4231 310 4270 a.
330 4211 575 4274 crorococxxxxrin.

143 4319 177 4393 ”j
194 4319 258 4373 Eum
276 4320 405 4373 voluimus
423 4308 482 4381 I·
504 4333 572 4373 esso.
