2872 4942
592 355 813 400 asccurnusvs.
1177 310 1250 403 tls

160 529 412 625 pervulgatum·
436 528 549 596 dicere
581 528 811 623 triumphanti
840 554 967 598 morem
999 533 1026 597 is
1054 550 1153 624 poeta
1188 554 1251 624 po-

163 648 285 728 tuerit,
320 671 421 739 quem
445 644 534 713 baud
560 647 604 713 ita
630 646 735 714 multo
761 665 838 740 post
862 649 992 713 initium
1018 650 1103 716 sexti
1128 647 1251 718 saeculi

164 781 279 829 natum
316 787 388 830 esse
416 759 596 847 constet*).
645 766 819 829 Praeterea
846 779 954 829 autem
980 764 1116 831 minime
1142 763 1252 858 negli-

165 904 245 972 gere
272 877 357 944 illud
377 879 530 945 Osanuus
554 877 712 957 debebat,
739 877 842 970 quod,
867 879 902 944 in
930 880 1051 970 quibus
1077 898 1248 946 versamur

165 994 372 1062 Bacchidum
395 995 564 1074 versibus,
600 996 647 1061 eis
672 992 851 1087 Chrysalus
879 997 1018 1088 respicit
1048 998 1140 1089 prius
1171 1021 1250 1091 ase

168 1109 259 1180 dicta
288 1110 440 1177 eiusdem
466 1135 586 1177 scenae
612 1136 641 1175 v.
675 1111 722 1179 47
750 1135 820 1202 sq:
927 1103 929 1106 ’

265 1219 372 1294 Nu'nc
395 1230 501 1293 etiam
522 1219 642 1291 alteris
665 1224 824 1291 ducentis
846 1219 924 1290 risus
949 1241 1014 1300 est,
1037 1229 1096 1318 qtri
1109 1219 1248 1318 dispen-

759 1357 880 1406 rentur

265 1450 343 1526 'llio
369 1475 479 1550 capto,
495 1451 539 1522 'tlt
563 1462 609 1522 sit
630 1457 784 1532 mulsum,
809 1452 867 1548 qui
885 1456 1093 1548 triumphent
1115 1430 1250 1561 ''lli-lm·

289 1570 358 1640 Sed
383 1572 533 1640 noudum
566 1574 699 1640 missum
728 1572 813 1640 iccio
847 1572 936 1641 buno
971 1572 1102 1652 locum,
1132 1564 1159 1638 ²e'
1184 1597 1255 1665 quo

164 1690 194 1756 si
221 1690 330 1754 miuus
357 1713 477 1782 cogere
505 1685 757 1781 argumenlandi
784 1691 994 1769 necessitate,
1020 1705 1053 1753 at
1079 1689 1252 1755 coniectu-

162 1822 341 1871 1·ue·certe
366 1803 603 1896 probabilitate
628 1805 761 1897 assequi
787 1828 886 1895 posse
912 1821 1006 1871 cotue
1020 1804 1150 1870 fabulae
1169 1821 1253 1869 tem-

161 1944 229 2013 pus
264 1917 428 1987 videmur.
490 1920 572 1985 Nam
611 1944 687 1986 cum
728 1921 770 1986 sit
803 1937 1066 1987 cousentaneum
1101 1916 1137 1986 iu
1170 1920 1252 2013 ipsis

164 2051 356 2126 temporum
382 2033 565 2101 rationibus
591 2033 722 2126 aliquid
749 2058 880 2101 caussae
907 2059 1088 2128 quaerere,
1113 2060 1173 2102 cur
1189 2034 1254 2101 levi

162 2150 320 2216 irrisione
342 2149 571 2241 triumphandi
596 2149 762 2216 honorem
787 2166 885 2241 poeta
911 2151 1161 2241 perstrinxerit,
1190 2175 1252 2244 ego
1308 2146 1309 2150 ¹

164 2263 304 2358 quidem
329 2266 492 2357 imprimis
519 2264 694 2332 commoda
727 2267 797 2332 eius
823 2265 985 2333 irrisionis
1007 2283 1158 2359 tempora
1185 2265 1252 2334 duo

163 2364 376 2473 potissimum
397 2382 549 2474 reperio,
574 2381 658 2448 finiti
684 2380 766 2447 belli
791 2381 995 2474 Philippici,
1023 2401 1055 2449 et
1077 2380 1158 2448 belli
1184 2383 1255 2447 An·
1374 2378 1380 2383 ’

163 2496 314 2563 tiocbiui.
365 2499 582 2592 Posteaquam
611 2498 700 2563 enim
726 2499 812 2564 iuter
838 2522 866 2562 a.
888 2496 960 2568 535
988 2515 1022 2564 et
1046 2495 1118 2566 542
1144 2495 1254 2562 nullus

164 2610 325 2682 decretus
358 2611 464 2678 fuerat
497 2613 705 2706 triumphus,
738 2598 851 2679 nullus
874 2638 900 2678 a.
928 2607 1009 2681 543.
1036 2610 1130 2690 545,
1156 2613 1198 2678 ab
1224 2638 1251 2678 a.

166 2724 240 2799 547
266 2724 308 2793 ad
333 2728 406 2795 552
430 2728 511 2794 item
536 2727 646 2794 nullus
661 2778 670 2808 ,
697 2727 807 2794 nullus
835 2726 982 2821 denique
1008 2755 1035 2794 a.
1062 2720 1143 2796 554.
1172 2729 1255 2806 555,

169 2860 283 2909 secuta
308 2860 385 2909 suut
412 2869 450 2908 ea
476 2860 646 2936 tempora,
680 2845 800 2936 quibus
826 2843 1072 2936 propemodum
1097 2844 1252 2910 contiuua

168 2958 294 3025 exstitit
316 2958 564 3049 triumphorum
589 2983 662 3025 sese
689 2959 922 3051 excipientium
948 2959 1146 3052 frequentia.
1197 2958 1251 3024 Bis

169 3090 218 3140 est
256 3073 497 3166 triumphatum
532 3101 559 3140 a.
583 3076 656 3146 556
691 3075 732 3139 ab
766 3077 804 3142 C.
837 3074 997 3142 Cornelio
1032 3070 1183 3167 Cetheffi
1210 3072 1256 3140 de

168 3188 365 3256 Insubribus
396 3191 685 3282 Cenomanisque,
712 3189 753 3254 ab
781 3192 819 3271 Q.
847 3190 995 3256 Minucio
1018 3188 1100 3256 Rufo
1128 3187 1172 3255 de
1199 3191 1257 3255 Li-

169 3304 306 3396 guribus
336 3305 494 3397 Boiisque
522 3303 625 3371 Gallis
652 3305 736 3390 (Liv.
764 3306 922 3397 XXXIII,
943 3304 1094 3397 ss‘lsq.);
1128 3330 1158 3374 a.
1185 3305 1255 3374 557

170 3418 214 3487 de
241 3420 464 3488 Comensibus
490 3439 523 3487 et
558 3421 755 3488 Insubribus
787 3421 828 3486 ab
854 3423 901 3487 M.
924 3402 1255 3487 ClaudioMsrcetlo

170 3534 253 3621 (biv.
278 3560 306 3601 c.
327 3531 411 3617 37),
444 3548 474 3601 u.
502 3535 574 3606 558
609 3537 650 3601 ab
684 3537 724 3618 Q.
750 3538 899 3605 Minucio
933 3538 1085 3603 Thermo
1112 3560 1160 3623 ‚ex
1193 3534 1253 3599 Hi-

172 3652 286 3744 s'pania
312 3652 471 3717 citeriore
499 3650 583 3737 (Liv.
610 3651 766 3731 XXXIV,
797 3649 880 3737 to),
904 3671 940 3720 ut
964 3653 1130 3720 ovationes
1155 3673 1256 3741 prae-

171 3768 348 3833 termittam
383 3767 443 3832 Cn.
471 3766 623 3833 Cornelii
649 3766 781 3832 Lentuli
816 3786 849 3835 et
874 3770 920 3834 M.
951 3767 1063 3834 Helvii
1085 3764 1256 3842 blasiunis,

171 3878 214 3950 ts
241 3884 364 3977 quibus
390 3866 564 3949 nesus.
592 3901 625 3948 a
644 3883 802 3962 xxxin,
819 3887 884 3966 ‘273
909 3884 959 3948 ns
987 3880 1111 3948 seinse
1138 3907 1165 3945 a.
1185 3878 1256 3950 559

170 3999 210 4064 ab
238 3999 285 4063 M.
308 4000 428 4064 Porcio
457 4000 583 4065 Catone
613 4022 652 4063 ex
679 3999 845 4091 Hispania,
873 3998 913 4063 ab
941 4002 981 4062 T.
1008 3995 1163 4080 Quinctio
1177 3993 1258 4061 Fla·-

168 4114 299 4182 minino
323 4112 366 4178 de
389 4138 468 4207 rege
501 4115 658 4206 Philippo
686 4140 726 4179 er
757 4113 958 4190 Macedonia
992 4113 1075 4198 (Liv.
1101 4111 1258 4188 XXXIV,

213 4373 246 4444 ⁴)
268 4369 335 4424 Vide
353 4369 420 4422 Dius.
441 4370 474 4423 11.
