2872 4942
413 362 661 408 nosrutmane
689 358 884 404 autumnas.
1116 333 1185 406 451

139 561 176 631 ιιι]
203 533 321 602 ordine
345 532 387 598 de
415 531 561 625 singuHs.
625 533 665 596 Et
700 531 850 622 priorem
880 527 1020 622 quidem
1051 531 1188 598 Bothius

144 626 313 716 r‘inficete
336 650 383 716 sie
415 649 608 741 suppletum
639 649 721 714 Non
746 645 869 736 edepol
898 669 963 735 ego
998 644 1115 712 video:
1141 643 1190 714 At

163 795 193 859 q.
217 792 242 832 s.
266 764 500 833 collocandum
524 783 601 855 post
629 765 699 830 152
723 762 856 853 putavit.
892 763 962 828 Nec
989 785 1066 827 vero
1088 761 1192 827 libra-

139 906 230 948 ]rum
254 881 315 947 ille
342 880 438 972 eulpa
464 904 598 944 mancus
626 895 696 961 est,
739 876 802 944 sed
829 878 906 943 vitio
935 875 1072 943 editoris
1103 876 1190 964 Itali,

139 999 167 1062 ιὶ
191 1022 253 1076 eas,
282 1021 367 1089 quae
394 1013 469 1060 sunt
493 996 583 1060 inter
610 992 705 1059 video
735 1010 767 1058 et
795 993 956 1058 volturios
982 991 1106 1058 litteras
1127 995 1192 1058 cir-

139 1136 189 1178 :er
223 1128 298 1179 octo
334 1135 493 1177 novemve
530 1111 673 1200 turpiter
704 1108 862 1201 neglexit.
923 1111 1068 1191 Quarum
1104 1133 1190 1200 quae

139 1230 299 1294 nuissima
332 1226 468 1318 vestigia
501 1243 706 1316 supersunt,
744 1243 903 1316 quantum
939 1226 1030 1314 potui
1067 1224 1191 1288 calamo

139 1346 247 1411 ritatus
273 1346 387 1433 repeti
410 1343 519 1407 curavi
546 1341 701 1432 exemplo
719 1339 973 1433 lithographico.
1010 1343 1203 1404 Potuerunt¹

173 1459 246 1526 loeo
273 1459 374 1523 multa
400 1482 466 1523 non
490 1460 605 1547 inepte
632 1457 719 1535 dici,
745 1455 838 1523 velut
865 1455 960 1521 video
983 1459 1095 1546 pictos
1122 1455 1194 1520 vol-

139 1580 228 1650 νέοι,
256 1556 352 1640 video
378 1572 468 1638 ltisce
495 1574 600 1637 oculis
625 1572 798 1646 volturios,
824 1571 902 1637 alia:
929 1575 1070 1663 propius
1095 1596 1193 1662 quam

139 1687 250 1783 liqua,
278 1715 363 1782 quae
391 1690 425 1752 in
451 1707 598 1754 mentem
623 1706 805 1768 venerunt,
830 1687 872 1753 ad
898 1689 1032 1781 vestigia
1057 1686 1114 1751 illa
1140 1714 1195 1753 ac·

145 1806 233 1872 (lere
267 1808 371 1871 visum
406 1822 454 1869 est
488 1803 582 1870 video
611 1803 659 1867 acl
697 1803 827 1869 laevam
855 1804 1027 1869 volturios.
1089 1802 1195 1868 Simul

139 1920 357 1987 mendatiures
384 1921 525 2011 apposui
551 1921 745 1985 coniunctos
769 1945 844 1985 cum
870 1918 927 1984 illo
954 1943 1084 1986 versus:

139 2033 204 2108 ill
257 2059 315 2103 ΤΗ.
344 2031 459 2106 Viden
476 2039 614 2126 pictum,
641 2052 678 2099 ut
696 2033 743 2099 ibi
768 2029 965 2126 [deificatur
990 2030 1112 2099 co'rnr'x
1129 2034 1196 2099 vol-

259 2231 261 2233 *
606 2144 714 2215 trtrids
740 2150 835 2215 duo?
1187 2140 1188 2143 Ἴ

257 2291 319 2340 ΤΗ.
355 2263 438 2337 Νόιι
473 2266 595 2358 edepol
630 2265 737 2333 video.
790 2289 846 2334 Tn.
878 2266 917 2331 u't
942 2291 1008 2358 ego
1035 2266 1130 2332 video
1153 2265 1201 2330 ad

601 2376 732 2445 ladrum
756 2378 918 2447 volturios
942 2381 1029 2446 duo:

139 2496 206 2568 [48
261 2493 394 2564 Co'rnix
417 2513 529 2562 astat:
564 2490 605 2560 e'u
629 2497 790 2562 volturios
823 2492 889 2562 dud
924 2501 1071 2563 uicissim
1106 2493 1197 2565 ve'lli-

610 2638 628 2678 e

139 2749 155 2790 t
186 2747 221 2795 et
247 2753 360 2796 caussa
388 2731 501 2795 omissi
526 2620 862 2821 versicfflianquam
889 2729 923 2793 in
943 2729 1057 2796 oculos
1084 2733 1198 2797 ineur-

139 2865 156 2918 5
188 2862 223 2912 et
248 2843 350 2912 multo
379 2836 587 2911 commodius
610 2844 820 2914 versus148
844 2846 946 2911 verba
973 2846 1199 2913 ihieollocata

139 2957 235 3040 ibes,
261 2962 317 3025 ubi
344 2962 410 3025 iam
438 2985 506 3027 non
532 2963 717 3053 interrogat
742 2963 885 3040 Tranio,
913 2960 972 3026 sed
1001 2964 1140 3054 exponit
1166 2979 1200 3028 et

139 3071 257 3141 firmat.
307 3077 348 3143 V.
379 3073 445 3143 147
475 3075 632 3168 >vulgatur
655 3080 802 3168 pictum,
829 3074 887 3141 abi
907 3075 1104 3168 ludfieutur
1129 3102 1199 3144 unu

139 3195 247 3265 ἰἠιζτ,
271 3217 335 3283 pro
364 3217 430 3283 quo
457 3193 594 3257 Bothius
620 3193 786 3258 substituit
811 3217 845 3283 p.
873 3191 931 3258 abi
954 3193 1109 3286 ludfieat
1124 3221 1155 3260 ιι.
1170 3221 1196 3261 e.

139 3304 179 3370 td
207 3332 273 3372 nec
299 3304 356 3370 obt
379 3306 576 3396 particulam
602 3301 711 3373 habeo
740 3309 797 3400 qui
824 3311 900 3374 satis
936 3311 1128 3400 expediam,
1165 3328 1199 3377 et

139 3441 390 3509 tpe1·vacaneam
409 3431 488 3486 'rma
514 3447 653 3504 vocem,
689 3449 772 3515 quae
800 3423 896 3488 facile
923 3423 1003 3489 addi
1026 3427 1067 3490 ab
1093 3427 1199 3492 inter-

139 3553 209 3603 tete
231 3540 353 3629 potuit,
377 3540 496 3605 omittit
521 3540 769 3605 Ambrosianus.
827 3538 916 3632 Ergo
945 3557 981 3605 ut
1009 3540 1056 3606 ibi
1079 3543 1199 3633 scripsi

139 3657 238 3719 urata
265 3652 463 3745 deponentis
484 3654 605 3743 forma,
634 3653 681 3720 ibt
694 3653 779 3720 illud
796 3655 947 3722 reserens
972 3655 1015 3720 ad
1036 3656 1136 3735 idem,
1161 3659 1196 3720 in

139 3785 179 3832 10
211 3770 453 3861 perscrutando
489 3789 663 3837 versantur
694 3772 905 3837 vestibulum.
971 3771 1028 3836 abi
1053 3797 1130 3836 num
1158 3773 1200 3836 sit

139 3927 141 3934 ν
168 3884 298 3965 Ambe,
323 3910 392 3951 non
417 3889 519 3979 magis
554 3906 645 3978 patet
669 3913 769 3979 quam
794 3889 904 3979 primo
931 3913 1026 3953 versu
1047 3887 1132 3962 duo,
1155 3914 1197 3953 an

139 4010 197 4064 tos
222 4001 302 4066 item
327 4019 363 4066 ut
388 3999 493 4069 altero
523 4004 690 4093 tertioque
719 4027 828 4083 versu,
850 4003 985 4068 haheat:
1013 4001 1080 4067 duo
1111 4022 1200 4070 utro⁴

139 4125 180 4178 sse
200 4114 276 4182 loco
306 4134 357 4181 est
382 4117 417 4180 in
442 4115 606 4183 Palatinis.
676 4095 678 4102 Ι

206 4230 380 4298 Difficilius
409 4251 459 4298 est
484 4232 526 4298 de
552 4232 655 4299 altero
683 4258 781 4300 versu
807 4227 988 4318 iudicium,
1026 4235 1117 4300 cuius
1143 4234 1197 4302 iric

139 4333 181 4425 it,
201 4348 232 4426 ,si
256 4347 423 4417 librorum
448 4348 553 4417 iidem
581 4349 763 4442 sequimur,
792 4375 867 4418 cum
891 4351 1052 4444 contiguis
1078 4373 1201 4467 nexum.
