2872 4942
169 321 241 392 392
586 351 640 391 vn·
667 351 708 397 oe
734 348 848 398 eravrt

168 523 219 589 titi
243 521 416 586 inventum
447 520 596 586 arriserit
622 521 791 588 Canissam
817 519 1043 586 substituentis
1070 519 1256 588 ioculariter

169 636 354 704 Miscellau.
370 638 411 714 Il,
432 663 459 704 e.
478 635 548 721 19),
575 634 777 702 Cistellaria:
802 634 1017 716 Mostellaria,
1035 635 1254 713 lllenaeehtni,

169 744 280 834 Miles,
306 755 494 820 Mercator:
533 751 730 830 Pseudolus,
757 751 934 832 Poenulus,
961 753 1083 818 Persa:
1122 752 1250 818 Bacchi-

170 870 231 937 des
266 889 377 937 tamen
412 894 482 935 uon
515 867 647 934 videtur
673 867 736 933 alia
764 893 877 932 caussa
903 868 1054 958 exputari
1078 891 1181 959 posse
1200 890 1251 935 eur

168 986 312 1053 mediam
348 988 435 1053 inter
473 984 650 1076 Epidicum
677 1003 710 1049 et
728 982 971 1051 Mostellariam
1005 1008 1089 1062 esse,
1117 982 1247 1076 quiens«

169 1129 234 1194 que
268 1102 471 1169 hodiernum
506 1099 670 1185 ordines}
686 1101 843 1179 instituit,
875 1073 1039 1177 voluerit,
1076 1099 1142 1165 nisi
1166 1095 1245 1190 quod

166 1218 221 1286 vel
245 1222 419 1311 seiungere
445 1218 486 1283 ab
500 1216 645 1310 Epidico
670 1215 724 1282 vel
749 1216 827 1282 huie
849 1214 935 1286 adeo
952 1217 1170 1306 praemittere
1184 1237 1242 1282 ean

167 1334 312 1402 fabulam
350 1350 540 1412 vereretur,
580 1332 614 1396 in
644 1358 710 1425 qua
737 1349 894 1424 tanquam
917 1332 1014 1425 priua
1039 1329 1150 1403 editae
1174 1328 1239 1420 Epi·
1281 1424 1283 1429 Ι

168 1451 234 1519 dici
260 1453 363 1541 ipsius
389 1450 516 1516 mentio
541 1450 639 1514 fieret
664 1448 706 1528 II,
734 1451 767 1525 2,
790 1446 859 1518 ὅθι

264 1569 346 1635 Non
372 1591 463 1640 erus,
488 1565 673 1631 seductor
694 1565 778 1633 milri
802 1588 862 1637 eor
888 1562 967 1628 odio
989 1567 1134 1628 saaraim.

265 1685 383 1750 Etiam
399 1681 587 1774 Epidicum,
614 1706 714 1774 quam
741 1705 808 1769 ego
835 1679 989 1765 fabulam
1015 1702 1125 1780 aequo
1145 1701 1183 1748 as
1197 1697 1237 1745 ne

763 1799 870 1887 iprum
893 1819 986 1869 amo,

166 1954 194 1975 .·
265 1913 403 1981 Nullam
428 1937 534 2004 eeqate
561 1917 687 1978 inritus
709 1928 840 2003 specto,
863 1915 896 1976 si
916 1915 993 2001 agit
1018 1907 1143 1983 Pollia
1281 1912 1283 1953 ³

166 2027 234 2092 Vbi
260 2054 349 2095 nune
373 2051 441 2095 non
467 2030 572 2094 ausim
599 2026 780 2094 defendere
808 2028 841 2092 in
866 2026 961 2091 libris
980 2052 1056 2093 msS.
1084 2025 1236 2121 proditum
1281 2082 1283 2093 .

166 2121 257 2208 Pell·
244 2167 297 2225 zo,
332 2168 397 2265 pro
431 2168 499 2235 quo
536 2143 700 2210 editiones
723 2142 812 2209 Aldo
846 2144 979 2234 priores
1012 2160 1138 2211 taum
1135 2142 1283 2247 «lpedb,

166 2253 260 2324 Poll·
222 2258 279 2323 llza
306 2276 415 2325 autem
444 2285 461 2324 e
490 2259 688 2351 Symmacho
716 2256 798 2345 (vid.
827 2283 901 2348 sup.
929 2250 1283 2387 pfibilam'dddl
1279 2214 1283 2299 l

170 2375 315 2438 correxit
337 2372 521 2440 Gulielmus
545 2374 648 2440 Plaut.
677 2374 872 2456 Quaestio
888 2373 1007 2438 Bacch
1035 2400 1066 2447 e,
1083 2340 1283 2477 iili-idda,

170 2515 270 2580 quem
296 2489 403 2556 secuti
428 2507 504 2556 sunt
529 2490 665 2557 Bothius
691 2507 724 2556 et
740 2488 1158 2563 Windischmannuslilus.
1172 2482 1283 2585 plilli

167 2605 272 2670 Rhen.
299 2605 389 2696 1,p.
417 2609 495 2678 112.
543 2607 653 2672 Dubia
690 2631 756 2698 per
791 2607 908 2671 se·vis
943 2623 992 2671 est
1024 2592 1258 2709 comparandi.

140 2706 336 2786 ‘Gulielmo
370 2717 562 2816 Apellinem
597 2747 648 2813 ap.
675 2723 763 2789 Fest.
791 2747 825 2813 p.
851 2724 896 2790 ‘J‘l
921 2724 982 2799 ll'L:
1020 2714 1255 2787 alienissimutil

169 2836 328 2901 Prisciani
352 2837 383 2915 Ι,
407 2839 450 2914 6,
478 2835 524 2905 34
550 2865 584 2928 Ρ,
610 2838 658 2906 33
684 2839 741 2902 Kr.
769 2861 902 2923 compes
926 2861 991 2927 pro
1017 2862 1151 2928 compos
1174 2832 1234 2900 alla·

170 2955 240 3021 tum
275 2978 292 3018 a
317 2953 357 3020 C.
382 2953 418 3016 L.
446 2953 658 3021 Schneidero.
683 2954 787 3021 Elem.
823 2978 957 3046 gramm.
984 2951 1041 3020 lat.
1069 2955 1106 3031 l,
1132 2979 1163 3047 p.
1185 2953 1235 3017 iit

172 3065 341 3158 aliquanto
366 3071 491 3135 rectius
519 3095 703 3161 congr-uere
728 3070 819 3135 Festi
841 3095 877 3167 p.
908 3070 976 3136 100
1005 3065 1133 3159 glossae
1151 3063 1236 3132 telus,

171 3182 269 3251 ¹iterato
291 3206 356 3274 pro
380 3182 473 3248 holus
500 3184 621 3266 (olus),
648 3185 770 3259 domo,
807 3209 880 3250 rem
907 3183 1075 3249 conficere
1099 3181 1183 3248 illud
1200 3177 1235 3242 ri·

173 3295 246 3360 deri
272 3297 387 3388 possit,
415 3299 506 3390 quod
534 3300 693 3394 gentilieii
721 3299 864 3371 niominis
884 3322 952 3365 non
978 3314 1106 3363 tantum
1121 3294 1240 3366 Portus„

173 3409 235 3521 sid
260 3411 356 3478 etiam
383 3409 512 3480 Pettius
538 3417 643 3487 forma
665 3417 834 3509 reperitur
859 3416 895 3479 in
915 3415 1052 3482 Gruteri
1068 3411 1239 3503 Inscriptio·

172 3527 280 3606 nibus,
308 3526 356 3592 eis
384 3529 544 3621 exemplis
572 3559 656 3624 quae
683 3533 872 3623 consignata
906 3530 1010 3596 habes
1041 3531 1077 3594 in
1102 3521 1241 3618 Scaligeri

171 3639 287 3712 indice
325 3669 358 3738 p.
393 3645 617 3713 CCXXXIII:
657 3647 719 3718 sed
760 3646 866 3722 nihilo
904 3664 1013 3711 tamen
1049 3646 1151 3737 satagis
1183 3637 1242 3705 talia

171 3756 341 3824 Plautinae
380 3759 519 3852 quidem
551 3763 602 3828 vel
639 3765 735 3831 aetati
767 3761 821 3829 vel
848 3762 925 3828 artis
952 3758 1059 3825 indoli
1086 3751 1243 3824 tribuenda

174 3890 270 3951 sunt,
296 3874 331 3944 in
358 3893 445 3943 tanta
472 3883 667 3969 praesertim
692 3879 845 3946 codicum
874 3876 1112 3969 depravatione
1139 3869 1244 3940 Plauti·

174 4009 303 4056 norum.
354 3987 439 4061 Illuc
464 4012 499 4065 ut
527 4014 689 4073 revertar,
726 3996 766 4065 ab
794 3997 868 4088 ipso
891 3993 1046 4074 Varrone
1074 3989 1245 4082 prolectam

176 4121 248 4170 ⁰⁵⁸⁶
276 4119 396 4184 t0tum,
431 4110 489 4200 qui
523 4109 625 4182 hodic
660 4111 789 4184 obtinet
826 4107 1012 4178 fabularum
1039 4106 1246 4178 Plautiuurum

178 4211 273 4294 ⁰¹'d0‚
296 4243 395 4310 aegre
420 4228 623 4314 persuaserit
648 4225 841 4298 Muellerus,
893 4223 958 4306 Qui
988 4223 1048 4288 etsi
1077 4224 1245 4287 Varronem

176 4322 235 4395 lib·¹
262 4328 324 4425 Vll
352 4324 396 4404 de
418 4335 497 4430 ling.
522 4339 576 4414 lat,
602 4344 622 4431 5
650 4346 717 4415 107
746 4360 778 4413 ct
803 4343 876 4415 108
900 4339 935 4410 iu
962 4331 1246 4412 commemorandis
