2872 4942
599 354 819 402 etccnromvs,
1176 331 1246 408 417

167 548 298 619 genere
325 524 458 594 affectus
484 527 621 596 Seruius
642 529 676 594 in
704 530 797 621 Virg.
820 528 902 600 Aen.
928 529 1004 611 XII,
1029 529 1100 601 605
1136 555 1249 601 versus

165 640 309 734 protulit
331 668 370 709 ex
394 638 486 710 Attii
508 641 734 713 Bacchidibus
758 645 833 710 h.e.
860 669 878 710 e
903 646 1050 726 Bacchis,
1077 669 1162 740 quos
1176 650 1251 741 qui-

168 756 250 824 dem
276 761 398 826 Parcus
420 784 490 826 uon
513 759 674 828 dubitavit
699 785 867 854 reponere
899 762 934 826 in
959 759 1129 828 Plautinae
1155 762 1252 830 iabu-

166 869 220 938 lse
247 873 448 965 fragmentis.
512 874 581 943 Sed
614 876 761 943 Rostium
792 874 941 942 demiror
967 893 1137 943 sanctam
1162 879 1251 947 sicco

165 987 260 1081 pede
281 987 414 1055 illarum
439 988 530 1057 velut
553 991 671 1059 fluetus
694 989 939 1097 dubitationum
964 986 1186 1083 praetmissev,
1217 1012 1255 1062 ut

165 1105 341 1172 neminem
364 1106 520 1199 ignorare
547 1106 686 1185 diceret,
714 1131 813 1200 saepe
834 1105 1062 1237 grammaticos
1087 1109 1122 1174 in
1150 1109 1253 1175 citan-

117 1268 120 1293 .
166 1217 221 1286 dis
245 1218 411 1286 librorum
434 1221 536 1288 titulis
561 1220 754 1290 allucinatos
781 1247 853 1288 esse
864 1223 1014 1325 ,ipsum
1036 1247 1079 1288 uc
1105 1221 1255 1317 Fulgen-

169 1334 255 1401 tium
280 1360 425 1416 eriusse,
460 1338 517 1430 qui
551 1363 636 1430 quae
662 1338 697 1401 in
724 1337 830 1405 Stichi
863 1338 905 1418 ll,
931 1340 964 1418 2,
990 1328 994 1343 ’
1046 1329 1104 1404 ⁸se
1137 1338 1254 1432 legere

167 1451 273 1544 uerba
297 1452 503 1520 meminisset
529 1458 743 1519 nasiteruam
769 1479 842 1520 cum
873 1476 987 1548 aqua,
1020 1454 1055 1518 in
1080 1453 1256 1522 Bacchidi-

168 1566 236 1631 bus
259 1568 404 1660 reperiri
428 1585 556 1635 temere
582 1567 816 1638 contenderet.
875 1571 926 1636 Ae
949 1567 992 1635 de
1015 1569 1042 1634 F
1047 1568 1182 1662 ulgentii
1207 1584 1257 1636 te·

169 1681 326 1748 stimonio
353 1682 534 1749 viderimus
561 1682 738 1776 deinceps:
765 1686 857 1750 cuius
878 1684 1018 1775 quidem
1037 1684 1256 1752 ventosissimi
1345 1710 1348 1716 ·

169 1797 316 1865 hominis
343 1799 418 1865 satis
441 1798 546 1866 hodie
573 1817 755 1892 perspecta
777 1802 900 1867 vanitas
919 1798 1013 1866 nullo
1040 1818 1137 1891 pacto
1165 1824 1256 1867 com-

169 1915 256 2005 poni
282 1940 357 1981 cum
396 1935 586 1982 ceterorum
622 1918 912 2008 grammaticorum
949 1914 1119 2008 diligentia
1145 1913 1255 1982 debet.

170 2028 244 2097 Sed
270 2032 354 2096 scire
372 2030 480 2112 velim,
508 2058 632 2125 quam
659 2057 784 2124 saepe
812 2033 846 2096 in
873 2028 1257 2098 commemorandaBao-

170 2145 327 2213 chidibus
349 2146 566 2216 hallucinatos
595 2150 675 2215 istos
701 2149 930 2241 grammaticos
957 2149 1086 2244 Boetius
1112 2146 1258 2238 putarit?
1353 2212 1354 2220 ,

170 2262 302 2345 Quanto
335 2264 376 2328 ab
404 2265 465 2330 hac
495 2281 591 2356 parte
616 2263 799 2331 consultius
835 2262 965 2330 duobus
999 2282 1075 2331 ante
1115 2261 1255 2330 saeculis

169 2376 274 2467 losias
300 2381 473 2445 Mercerus
497 2378 677 2460 iudicarat,
715 2380 770 2446 cni
794 2379 1055 2472 fragmentorum
1077 2375 1256 2445 multitudo

169 2493 211 2561 ab
237 2518 305 2561 uuo
331 2495 441 2563 Nonio
467 2521 508 2562 ex
533 2495 756 2562 Bacchidibus
788 2497 995 2574 citatorum‚-
1017 2496 1053 2560 in
1083 2492 1256 2561 hodiernis

170 2627 281 2677 autem
306 2610 466 2704 exemplis
492 2635 561 2678 non
586 2629 810 2703 repertorum,
836 2611 911 2677 satis
935 2611 1097 2703 praebere
1120 2633 1255 2677 caussae

170 2724 366 2805 videbatur,
402 2752 461 2794 cur
495 2725 538 2792 de
568 2723 696 2792 duabus
720 2727 789 2792 eius
814 2724 944 2791 fabulae
971 2724 1172 2790 editionibus
1198 2746 1257 2791 co-

171 2841 292 2935 gitaret
315 2842 408 2908 Notis
434 2843 469 2907 in
493 2842 640 2907 Nouium
666 2869 699 2934 p.
726 2839 808 2913 676.
829 2838 911 2913 696.
935 2838 1015 2912 761.
1039 2834 1120 2919 642,
1149 2864 1258 2932 quan-2

173 2980 273 3048 quam
298 2980 367 3033 uon
400 2953 538 3025 uberius
573 2957 733 3049 expositis
759 2957 942 3022 rationibus
969 2956 1039 3021 eius
1062 2955 1255 3024 sententiae.

172 3072 244 3139 Nec
270 3072 384 3138 Ianum
411 3071 616 3138 Gulielmum
641 3074 688 3138 vis
715 3072 798 3163 sugit
828 3071 917 3137 illius
943 3068 1179 3173 multitpdinim
1208 3072 1256 3136 sie

172 3189 260 3254 enlm
286 3191 522 3272 Quaestionum
546 3191 580 3252 in
604 3187 711 3254 Plauti
733 3186 914 3254 Bacchides
939 3176 1081 3279 caputii
1107 3184 1255 3253 orditur:

170 3303 361 3370 Bacchides
386 3305 506 3371 Plauti
535 3298 694 3384 fabulam
726 3302 880 3368 mutilum
910 3301 1011 3367 hodie
1026 3317 1071 3367 set
1097 3317 1257 3367 truncam

172 3419 324 3486 multis
352 3418 569 3512 partibus
600 3423 819 3506 circumferri
843 3418 1027 3510 compluria
1048 3392 1254 3508 argumenic

170 3551 262 3600 sunt.
292 3539 437 3626 primum
447 3535 587 3627 prologi
601 3551 635 3600 et
655 3538 825 3626 prooemii
837 3533 935 3609 nihil,
959 3532 1051 3628 quod
1070 3555 1256 3624 argumen-

171 3667 264 3727 tum,
292 3667 329 3716 ut
353 3651 454 3727 solet,
482 3651 651 3743 explicet,
679 3666 713 3715 et
737 3654 774 3716 in
799 3675 870 3716 rem
896 3655 1004 3742 ipsam
1028 3664 1255 3741 spectatorem

171 3765 324 3833 inducat.
379 3783 449 3832 tum
474 3770 520 3832 in
542 3765 685 3832 medio
711 3769 1015 3856 grammaticorum
1040 3762 1251 3835 testimonia,
1290 3812 1292 3819 .

167 3904 258 3976 quae
272 3883 419 3968 frustra
442 3905 589 3972 quaeras
616 3885 652 3946 in
677 3905 719 3946 eu
743 3904 843 3971 quam
870 3904 961 3945 nunc
987 3866 1137 3944 terimus
1167 3877 1252 3941 Rur-

168 4020 223 4063 sus
256 4012 366 4063 autem
400 4015 523 4089 quanto
549 3994 643 4062 idem
674 3993 755 4074 ille,
795 3995 885 4061 cuius
920 3991 1080 4086 equidem
1113 3991 1249 4056 minime

164 4110 279 4207 probo
307 4112 557 4191 coniecturam,
598 4112 771 4178 Mercerus
796 4107 975 4176 consultius
1010 4126 1118 4173 tamen
1150 4131 1250 4217 quam

161 4224 372 4323 Fridericus
386 4227 541 4321 §pannus
569 4228 655 4320 egit,
695 4226 752 4318 qui
778 4180 962 4293 Aiialecton
988 4223 1179 4290 criticorum
1199 4246 1252 4288 ca-

158 4345 293 4437 pite
265 4334 333 4409 Χ·’
305 4324 617 4449 gmssttoensionum
646 4339 873 4410 diversitatem
897 4335 1135 4429 exemplarium
1156 4335 1253 4402 Plau-
