2872 4942
460 394 711 438 nossetntnnr
740 393 935 452 autumnas.
1158 356 1239 441 491ss

300 588 360 635 ΤΗ.
387 567 469 632 Non
494 590 559 656 ego
582 570 670 631 istnc
693 590 787 641 curo,
813 568 874 658 qui
894 570 952 649 sit,
976 565 1073 632 unde'
1091 570 1158 632 sit:

179 683 251 750 100
304 679 352 748 Id
374 680 447 747 volo
473 681 556 745 mibi
574 679 665 760 dict,
690 679 727 746 id
751 704 803 744 me
829 683 917 745 scire
945 696 1078 771 expeto.

302 793 402 863 Adeo
428 800 533 861 etiam
556 801 699 887 argenti
712 800 848 882 foenus
875 795 1041 861 creditum
1066 796 1179 862 audio

151 907 365 1001 Intelligisne
392 909 475 1003 quid
500 912 551 992 sit,
579 909 671 1004 quod
697 912 761 976 sibi
787 909 1106 1004 dici'Theuropides
1132 909 1234 979 veliti

150 1024 250 1118 quod
276 1051 312 1092 se
340 1028 426 1093 scire
454 1027 607 1120 expetat?
657 1027 733 1094 Non
756 1027 871 1095 hercle
898 1052 958 1125 ego
985 1002 1142 1122 quidemr
1163 1027 1236 1094 Nec

147 1141 310 1233 profecto
348 1168 385 1208 se
420 1141 521 1236 digne
555 1142 724 1226 Acidalius
753 1147 801 1210 sic
833 1142 988 1236 distingui
1024 1167 1123 1234 posse
1157 1143 1237 1219 iecit

147 1257 383 1351 potiusquam
407 1259 570 1325 co'niecit:
598 1283 669 1323 non
684 1283 748 1348 ego
766 1262 853 1324 istnc
871 1244 965 1334 curo,
985 1261 1043 1351 qui
1056 1261 1119 1342 sit5
1146 1255 1237 1323 unde

146 1378 219 1454 sit,
247 1371 284 1440 id
310 1373 384 1439 volo
410 1374 494 1439 milti
516 1372 595 1440 dici.
662 1373 746 1438 Nam
771 1399 835 1441 nec
857 1372 926 1440 ullo
953 1373 1054 1440 modo
1079 1373 1254 1441 attinebat»

146 1488 250 1555 illum
275 1490 373 1569 scire,
399 1488 488 1554 unde
511 1506 598 1555 esset
618 1487 755 1569 danista,
776 1515 839 1555 nec
856 1488 1043 1581 respondet
1059 1489 1115 1555 tali
1137 1514 1240 1583 quae-

147 1605 259 1674 stioni
282 1630 406 1687 servus.
466 1604 600 1672 Vellem
626 1624 691 1672 tam
715 1605 813 1698 plana
840 1608 949 1673 omnia
975 1625 1104 1686 essent,
1140 1631 1240 1699 quarn

149 1723 227 1790 hoc
255 1738 326 1801 est,
360 1719 452 1814 quod
485 1747 559 1788 cum
592 1747 622 1786 v.
653 1719 721 1789 190
750 1721 983 1816 coniungenda
1005 1749 1032 1789 v.
1061 1719 1108 1791 94
1139 1724 1242 1789 verba

149 1835 406 1906 contendimus:
449 1836 553 1927 Quod
584 1836 670 1902 illud
701 1855 887 1928 argentum
923 1854 985 1910 est.
1036 1839 1148 1932 Atque
1171 1838 1238 1906 hoc

147 1953 243 2024 vidit
270 1955 368 2019 etiam
393 1953 540 2019 Bothius.
604 1952 675 2020 Sed
709 1953 890 2020 videndum
918 1953 993 2047 plus
1020 1971 1100 2021 erat.
1147 1957 1239 2038 ·Quo

150 2072 249 2138 enim
281 2086 435 2161 spectare
471 2068 604 2162 putabis
628 2068 720 2160 quod
745 2096 774 2137 v.
800 2069 846 2139 97
873 2071 998 2136 Tranio
1034 2069 1133 2136 dicit:
1167 2066 1241 2137 Au-

151 2185 248 2253 din?
283 2185 461 2251 videturne
496 2183 635 2250 obsecro
672 2183 785 2249 hercle
820 2183 982 2265 idoneus,
1020 2185 1161 2252 danista
1183 2190 1243 2279 qui

149 2303 223 2369 sit?
254 2326 365 2391 gertus
390 2299 483 2392 qnod
507 2299 841 2392 improbissumumst.
901 2303 955 2368 An
989 2301 1031 2368 ad
1070 2328 1148 2369 eum
1182 2304 1240 2396 qui

154 2416 337 2511 praecedit
361 2442 494 2483 versum
522 2416 591 2488 96?
641 2418 686 2481 At
706 2440 746 2483 eo
770 2442 869 2483 versu
894 2415 1020 2484 danista
1041 2417 1077 2484 id
1103 2417 1241 2499 dixerat,

157 2532 255 2630 quod
281 2533 334 2601 vel
360 2535 500 2598 maxime
525 2558 542 2598 e
569 2542 690 2598 utente
709 2533 886 2600 Tranionis
921 2551 1023 2600 esset:
1056 2531 1242 2627 paullulum

158 2676 232 2719 esse
258 2675 324 2716 nee
349 2649 459 2741 magni
484 2647 856 2741 aestimandum-quod
878 2674 932 2715 aes
959 2648 1103 2715 alienum
1128 2648 1242 2716 Philo·

159 2763 274 2835 laches
301 2766 526 2833 contraxisset.
560 2765 719 2857 Quo-qui
744 2783 855 2858 potest
867 2751 992 2832 Tranio
1017 2766 1052 2830 in
1080 2764 1242 2832 danistam

160 2901 195 2949 ut
231 2881 453 2973 improbitatis
490 2865 689 2946 documento
724 2880 793 2946 util
852 2880 957 2947 Immo
997 2881 1066 2946 eius
1105 2879 1243 2974 quidem

164 2997 340 3090 opprobrii
366 3012 596 3089 argumentum
620 2993 677 3062 ille
703 2995 821 3089 nequit
853 2997 918 3062 nisi
945 3021 962 3063 e
989 2994 1137 3063 danistae
1164 3022 1244 3064 ver-

163 3113 215 3181 bis
240 3139 269 3179 v
296 3112 343 3181 93
365 3131 498 3204 petere:
524 3105 701 3200 Perfacile
728 3136 792 3203 ego
812 3115 899 3178 ictus
909 3117 1241 3203 perpetior'argen·

163 3245 246 3296 teos.
281 3226 394 3294 Solam
417 3229 503 3293 enim
532 3225 735 3294 verberandi
762 3244 796 3294 et
819 3228 944 3295 ictuum
963 3229 1133 3295 notionem
1159 3252 1241 3322 pre-

161 3368 257 3410 mens
283 3343 347 3410 hoc
374 3341 457 3409 dicit
481 3345 625 3409 Tranio:
650 3367 762 3410 nonne
787 3343 849 3408 iste
872 3341 974 3434 plane
1000 3360 1098 3409 natus
1120 3342 1241 3408 factus·
1293 3395 1296 3404 .

160 3485 229 3552 que
257 3475 307 3524 est
331 3457 374 3523 ad
401 3457 594 3525 danistioam
619 3459 705 3527 vitae
740 3457 996 3526 condicionem?
1031 3459 1158 3552 quippe
1183 3458 1241 3552 qui

159 3599 204 3641 ne
229 3575 409 3641 verberum
436 3571 575 3666 quidem
600 3574 813 3684 ignominiam
845 3572 1027 3654 detrectet,
1054 3569 1155 3657 modi>
1180 3596 1241 3665 pe·-
1345 3642 1348 3647 ,

161 3691 293 3758 cuniam
320 3687 483 3758 corrodat.
535 3692 628 3774 Quae
657 3717 732 3757 cum
757 3692 801 3758 ita
826 3691 900 3771 sint,
928 3689 1050 3783 ecquid
1073 3688 1240 3755 dubitabis
1327 3742 1330 3747 .

159 3830 228 3871 una
254 3830 359 3897 eaque
388 3790 638 3896 simplicissima·
655 3829 811 3871 versuum
837 3805 893 3874 97.
914 3803 971 3873 98.
995 3803 1139 3895 992100
1165 3821 1240 3870 ante

157 3917 207 3990 94
238 3920 493 4012 transpositione
510 3921 652 4012 'utrique
683 3946 781 4012 quam
812 3921 1023 4012 exposuimus
1057 3916 1240 4006 difficultati

157 4061 361 4117 occurrere,
399 4037 655 4129 rectissimoque
680 4061 836 4102 versuum
858 4033 978 4102 ordine
1006 4031 1167 4101 delectari
1191 4035 1240 4101 sic
1267 4054 1289 4101 1

157 4177 234 4222 meo
261 4177 359 4219 suasu
383 4155 716 4220 reconcinnatorum:

307 4275 369 4339 ru.
398 4265 495 4369 Quid
515 4263 566 4338 illi
590 4267 758 4336 debetur?
805 4289 861 4351 rr.
888 4263 1026 4334 o'bsecro
1053 4265 1166 4334 hercle
1192 4283 1238 4342 te,

751 4379 840 4451 o'bict‘
1056 4374 1059 4379 ¹
