2872 4942
469 366 721 415 nosrnncimin
750 366 941 410 vilermis.
1180 340 1250 413 487

159 545 243 613 Dec.
272 541 367 634 Lips.
392 541 524 620 Princ,
549 541 630 605 item
655 539 731 639 Vgu
757 564 800 602 m.
828 562 910 616 sec,
948 537 981 599 in
1009 559 1076 628 quo
1109 540 1254 602 etitem

162 674 213 724 cst
241 683 259 724 e
286 675 479 724 correctura
508 674 542 723 et
566 680 682 722 rasura
707 652 925 746 profectum„
950 670 983 717 et
1007 649 1118 716 bibirs.
1146 650 1209 717 suit
1232 677 1252 716 a

160 799 211 865 pr.
236 797 281 838 m.
333 773 374 838 V.
390 768 437 842 43
464 795 568 836 urium
589 747 663 841 Vei.
690 795 733 833 m.
759 792 837 846 sec,
860 768 943 832 Dee.
974 740 1072 857 bipes
1087 767 1197 832 Princ.
1213 769 1251 831 in

163 912 269 953 unum
292 888 369 956 Vct
395 912 575 979 m.1pr.-
594 902 645 950 cst
670 882 765 949 baud
785 886 1014 949 inter-mirsam
1039 881 1095 946 liic
1117 905 1190 946 esse
1215 897 1251 946 et

165 1002 236 1071 bibi
255 987 295 1069 in
330 1002 426 1069 libris
463 1021 514 1069 est
540 1002 703 1069 omnibus.
763 1002 907 1065 Possunt
938 999 1021 1064 baec
1050 997 1251 1123 interpplata

162 1119 277 1188 videri
304 1144 322 1186 e
348 1122 451 1186 Most.
478 1120 507 1194 I,
534 1124 565 1200 1,
593 1115 662 1185 61:
687 1115 807 1196 bibite,
831 1084 1131 1207 pergraecaiiini,
1157 1128 1268 1189 ester

163 1261 356 1330 quanquam
382 1233 565 1327 simplicius
588 1232 689 1301 suerit
715 1231 758 1298 de
784 1230 869 1296 male
896 1228 1069 1296 intellecto
1096 1253 1170 1294 csse
1191 1252 1250 1294 co-

162 1353 279 1445 gitare.
321 1351 483 1434 Ceterum
512 1375 572 1416 cur
597 1348 763 1416 noluerim
790 1346 884 1412 baud
908 1348 1139 1412 intermissum
1165 1367 1248 1424 esse,

162 1467 227 1535 sed
251 1465 344 1533 ltaud
367 1491 439 1532 esse
465 1470 704 1543 intermissum,
727 1489 797 1531 non
818 1464 933 1557 fugere
956 1462 1081 1554 peritos
1095 1461 1249 1526 arbitror.

160 1582 218 1651 Ad
258 1609 371 1651 versus
408 1608 600 1650 mensuram
640 1579 878 1673 complendam
898 1577 1111 1669 aptissimum
1144 1577 1250 1642 visum

164 1697 308 1766 tandem
334 1715 408 1764 ante
435 1697 586 1764 triduum
611 1698 783 1762 insertum.
835 1691 1004 1760 Fidicinas
1031 1709 1138 1756 autem
1162 1707 1195 1756 et
1208 1691 1248 1757 ti-

162 1816 293 1913 bicinas
320 1832 576 1881 consentaneum
605 1830 654 1879 est
680 1837 747 1900 non
774 1810 874 1888 duci,
909 1807 986 1921 sed,
1011 1825 1048 1872 ut
1073 1833 1172 1898 saepe
1200 1824 1251 1872 est

161 1929 254 2023 apud
280 1929 454 2011 Plautum,
480 1929 640 1996 conduci:
675 1953 738 1995 nee
761 1927 899 2018 probari
923 1923 1048 1989 ducere
1074 1924 1165 1988 vocis
1192 1947 1250 1988 ac-

163 2065 283 2114 centus
320 2046 515 2134 debuerant.
584 2048 612 2112 E
643 2047 872 2137 pergraecari
911 2041 1016 2106 forma
1050 2037 1249 2130 intelligitur

163 2167 263 2236 etiam
298 2164 402 2230 active
433 2163 585 2257 antiquos
619 2183 850 2252 pergraecare
878 2176 913 2223 ut
950 2153 1068 2221 similia
1093 2152 1247 2246 'plurima

163 2281 299 2348 dixisse.
353 2280 515 2346 Ceterum
543 2278 601 2370 qui
626 2278 767 2369 sapiunt,
795 2277 843 2341 eis
869 2297 935 2339 non
961 2289 1011 2338 est
1038 2270 1184 2383 cubvim
1208 2295 1247 2335 ac

161 2397 329 2465 rationem
363 2396 526 2487 repetitae
562 2420 610 2463 vv.
634 2391 690 2463 42.
718 2389 764 2460 43
797 2378 977 2458 sententiae
1011 2387 1165 2481 pluribus
1195 2386 1247 2450 in-

163 2510 345 2582 culcemus.
814 2543 841 2607 5

661 2753 691 2840 §.
718 2757 750 2826 4.

289 2973 453 3056 Quoniam
489 2973 531 3037 ab
569 2972 987 3065 interpolationibus
1029 2997 1118 3040 cum
1157 2997 1245 3038 ver-

162 3111 284 3154 anum
318 3090 667 3180 transpositione
703 3090 889 3158 coniunctis
922 3114 1022 3181 supra
1058 3091 1168 3157 exorsi
1190 3114 1245 3155 su-

161 3226 244 3282 mus,
270 3202 359 3268 haud
387 3203 445 3269 abs
471 3229 508 3270 re
533 3203 635 3271 suerit
658 3230 748 3272 nunc
774 3203 817 3270 ad
833 3231 869 3269 ea
884 3190 1111 3272 Moitellariae
1134 3210 1246 3331 efflu-

160 3317 430 3439 planexspatiari,
458 3345 544 3413 quae
568 3318 704 3387 solam
730 3344 824 3413 passa
849 3306 1272 3414 transpositionem

160 3424 272 3535 labem
300 3454 543 3502 contraxerunt„
596 3437 702 3519 Quam
725 3435 860 3529 quidem
887 3463 1006 3529 parum
1029 3436 1138 3504 adhuc
1164 3462 1245 3530 per-

160 3570 315 3645 spectum
341 3570 480 3619 estnon
506 3553 540 3617 in
566 3554 754 3620 universam
787 3571 913 3619 tantum
939 3554 1082 3621 fabulam
1109 3554 1244 3667 cpdere,

144 3640 223 3747 bed
249 3668 346 3757 etiam
372 3668 407 3732 in
434 3667 637 3762 singularum
661 3694 834 3736 scenarum
851 3672 1026 3738 breviores
1052 3640 1243 3763 pariiculas.

158 3783 469 3878 Atque-turbatum
496 3783 648 3852 ordinem
661 3787 820 3878 integrae
847 3787 979 3853 sabulae'
1003 3811 1077 3854 cum
1103 3786 1242 3851 maxima

159 3924 202 3966 ex
229 3917 327 3992 parte
363 3899 498 3965 licuerit
519 3904 789 3993 praestantissimi
816 3903 893 3968 libri
918 3904 1129 3970 Ambrosiani
1153 3904 1244 3983 auxi·
1302 3946 1305 3950 -

157 4012 206 4082 lio
232 4008 300 4082 sive
327 4016 504 4082 emendare
531 4018 598 4082 sive
625 4016 835 4083 emendatum
864 4019 1078 4097 confirmare,
1102 4043 1140 4085 eo
1168 4022 1244 4112 qui-

159 4128 241 4198 dem
268 4133 473 4199 munimento
501 4133 560 4199 etsi
582 4159 681 4212 nunc,
707 4134 766 4198 ubi
793 4131 833 4198 ad
854 4134 981 4227 singula
1003 4137 1241 4218 transierimus,

159 4245 346 4313 carendum
375 4250 456 4328 erit,
481 4267 592 4314 tamen
612 4273 698 4318 novo
724 4251 789 4316 boc
815 4252 926 4341 ipsum
952 4249 1153 4319 documento
1181 4272 1238 4332 est,

155 4360 235 4456 plns
261 4365 359 4430 etiam
387 4363 429 4430 ad
455 4390 570 4453 verum
598 4384 630 4432 et
655 4364 879 4460 indagandum
902 4384 934 4432 et
957 4391 1038 4435 vero
1062 4369 1239 4436 invenien-
