2872 4942
440 341 555 386 rutvrt
584 341 855 385 turuurnurruvs.
1122 315 1193 391 361

134 535 169 584 at
205 517 248 584 de
284 516 398 589 metris
433 514 521 582 liber
547 514 637 607 apud
662 514 859 581 Putsohium
891 539 925 606 p.
951 509 1048 582 2693
1087 508 1198 597 (Gan-

133 633 210 703 ›rdc
226 659 261 727 p.
290 628 386 715 242.)
435 632 485 695 Ex
510 628 769 723 interpolatione
798 647 865 709 est,
892 626 985 721 quod
1009 629 1045 692 in
1069 628 1199 695 Veneta

133 747 215 813 ufiui
252 745 403 813 editione
431 763 536 814 exstat
575 743 746 844 Sacerdos
753 792 789 822 ,.
812 741 904 837 quod
937 746 1041 810 etiam
1082 739 1199 810 docuit

133 869 269 928 tonatur
294 857 337 948 *).

612 1075 705 1165 st·
800 1036 841 1106 a

169 1241 172 1246 ’
209 1225 357 1318 inipso
387 1225 489 1292 verba
525 1242 559 1293 ct
579 1225 772 1291 'sententiaa
800 1223 920 1293 comici
944 1240 1064 1316 poetae
1089 1222 1202 1293 dedita
1280 1273 1283 1279 -

133 1367 218 1436 pera
249 1359 283 1408 et
316 1341 458 1433 pristino
492 1339 743 1408 scholiastarum
769 1363 864 1406 more
891 1340 1101 1406 commentati
1130 1365 1202 1406 esse

133 1458 192 1527 ide
218 1484 236 1524 a
259 1457 416 1524 Fabricio
442 1455 527 1551 Bibl.
553 1455 610 1524 lat.
636 1455 671 1536 Ῑ,
697 1481 731 1548 p.
761 1452 806 1524 14
839 1456 924 1523 Ern:
951 1455 987 1521 hi
1017 1455 1203 1546 perhiben-

133 1600 181 1642 tr:
215 1573 372 1639 Aruntius
400 1570 541 1653 Celsus,
564 1570 697 1638 Flavius
725 1572 855 1664 Caper,
880 1572 917 1636 L.
945 1569 1123 1639 Cornelius
1150 1571 1203 1637 Si.

133 1716 226 1770 euna,
254 1692 293 1772 Q.
319 1690 500 1755 Terentius
523 1667 685 1756 ¹Scaurus:
713 1688 833 1779 quibus
860 1684 941 1753 alios
965 1679 1125 1778 quosdam
1149 1711 1204 1752 re-

133 1806 303 1874 entiorum
330 1805 524 1897 coniectura
549 1801 691 1876 addidit.
740 1805 791 1868 Ex
822 1800 889 1869 illis
915 1818 1023 1868 autem
1050 1818 1205 1894 quattuor

133 2039 201 2130 ripi
230 2061 356 2129 passus
372 2054 440 2116 est,
475 2036 534 2128 qui
566 2036 735 2102 historiam
770 2033 1206 2103 criticamscholiastarum

133 2155 292 2220 uiuorum
320 2152 489 2244 pertexuit
516 2174 556 2217 ex
577 2150 746 2218 indicibus
772 2153 874 2244 magis
899 2151 1047 2216 haustam
1068 2175 1206 2242 quame

134 2269 271 2362 iligeuti
295 2265 440 2334 lectione
466 2285 586 2347 natam,
608 2266 816 2360 Suriugarus.
845 2266 907 2350 Qui
923 2262 1208 2357 quemadmodum
1252 2291 1275 2366 Ἀ

133 2410 175 2455 uo
201 2386 276 2450 iure
303 2382 418 2450 debito
445 2382 608 2449 Scaurum
642 2380 822 2464 iraudavit,
855 2383 899 2448 ita
931 2404 1000 2446 non
1036 2383 1139 2474 magis
1171 2398 1209 2448 ut

133 2501 265 2569 rbitror
280 2497 489 2565 considerate
501 2497 637 2565 Celsum
654 2515 687 2564 et
697 2498 845 2590 Caprum
857 2498 1015 2566 Sisennae
1033 2494 1207 2581 iunxit**).

133 2613 326 2685 addicam
351 2612 394 2678 'de
419 2614 470 2680 his
497 2611 633 2681 ordine:
660 2615 805 2714 primum
833 2613 970 2707 quidem
997 2613 1039 2680 de
1055 2613 1104 2694 iis,
1123 2636 1208 2705 quos

133 2700 288 2807 rimerito
311 2732 377 2797 huc
403 2729 612 2810 rettulerunt,
636 2729 760 2797 deinde
786 2728 829 2797 de
855 2730 931 2829 illis3
952 2732 1010 2822 qui
1025 2731 1093 2797 veri
1112 2728 1211 2795 scho-
1234 2724 1237 2731 ’

133 2855 236 2917 lastae
252 2845 394 2911 Plautini
409 2847 557 2913 fuerunt.
579 2845 703 2912 Ordior
724 2873 742 2912 a
763 2847 791 2912 F
798 2830 1076 2940 lavigo¹Capro
1104 2847 1212 2929 Quem

133 2982 212 3040 uter
238 2953 392 3029 Terentii
417 2961 609 3030 scholiastes
639 2965 810 3030 recenseri
845 2950 980 3030 solitum
1007 2960 1144 3054 pridem
1169 2959 1212 3027 ‹le

133 3106 162 3151 :o
190 3077 267 3145 loco
292 3078 490 3170 Schopeuus
516 3080 619 3145 movit
651 3078 791 3172 eleganti
823 3077 866 3146 de
892 3079 1056 3148 Terentio
1085 3097 1119 3167 ot
1142 3080 1214 3145 Do-

133 3215 201 3279 rato
230 3193 462 3261 dissertatione
489 3221 522 3286 p.
544 3196 593 3269 40
618 3219 669 3287 sq.
706 3184 769 3263 'Ac
801 3195 878 3263 vido
907 3197 1004 3276 mihi,
1027 3174 1136 3299 offla
1158 3196 1214 3290 sit

133 3308 210 3379 {led
237 3311 379 3376 Charisii
405 3312 636 3388 testimonium,
663 3335 730 3403 quo
760 3294 1215 3407 explosaaScho'Ji'en'tiopi-
1274 3394 1277 3402 .

133 3431 181 3497 rio
209 3428 387 3493 nitebatur.
440 3426 495 3493 Sic
520 3426 578 3493 ille
601 3453 636 3520 p.
667 3408 747 3509 1752
772 3427 848 3496 392·
870 3426 969 3496 Alius
1002 3452 1067 3521 pro
1102 3429 1212 3494 aliter.

133 3544 267 3627 Parent.
294 3545 331 3608 in
356 3537 468 3610 And„-
506 3541 599 3643 Quid
628 3543 716 3612 alias
731 3543 853 3609 'malim
874 3568 975 3635 quam
1002 3542 1103 3611 hodie
1129 3546 1213 3610 istas

133 3732 417 3751 -n-——u--u--o

180 3831 199 3865 θ
237 3830 267 3883 ln
287 3831 372 3884 Rufini
390 3831 484 3883 verbis
497 3816 665 3899 expediendis
693 3834 785 3886 frustm
803 3835 946 3888 elaboravit
963 3835 1080 3888 Osannus
1099 3828 1214 3898 symbol.

170 3917 275 3983 ll,
299 3935 324 3984 p.
340 3916 392 3971 aot
411 3934 469 3986 eq„
501 3919 669 3987 probabiliter
693 3920 739 3972 ille
757 3922 916 3974 Rufinum
934 3912 1038 3972 saeculo
1059 3920 1148 3987 quinto
1165 3918 1215 3969 tri-

231 4007 324 4070 tuens
227 4007 486 4164 go
396 4006 512 4059 Plotio
533 4009 719 4062 Sacerdote
735 4010 914 4077 disputamp
933 4008 984 4063 297
1003 4024 1079 4076 sqq„
1099 4005 1215 4059 aaut

299 4109 314 4145 o

169 4062 476 4256 *·*’)ᾍιιυι1ιιιιίὃς
353 4170 418 4234 ie're'
450 4185 524 4233 sanni
546 4183 664 4234 condicio
683 4191 739 4248 est,
764 4185 833 4238 inter
858 4200 903 4237 eos
926 4183 969 4252 qui
995 4183 1031 4234 ad
1049 4136 1218 4236 illile'trundut

198 4183 322 4322 ll’luuti
332 4270 435 4338 subulas
448 4273 642 4322 commentarios
654 4272 813 4340 scripserint,
823 4269 1220 4335 murimeereelleresiseunum,

229 4359 368 4419 Arruntium
385 4357 489 4413 Celsum
503 4368 527 4412 et
544 4359 661 4412 Flauium
681 4360 794 4429 Capram
820 4357 1189 4429 dicentiadoulect.p.154.
