2872 4942
407 341 427 380 ι.
452 340 494 381 os
517 338 638 381 atavrt
668 334 795 381 rorate
820 306 1012 383 nontritavs.
1216 320 1258 385 11

169 513 216 601 (ut
231 512 359 579 mittam
378 511 620 607 aliquantisper
638 515 747 605 ipsum
769 510 908 598 Attium)
931 514 1143 580 Varronis
1159 514 1265 583 verbu

168 627 208 694 de
234 626 317 723 ling.
342 625 400 695 lat.
425 628 483 707 VI,
512 654 544 718 p.
572 625 644 695 ‘266
673 625 729 695 ed.
756 627 882 720 Speng.
915 627 957 716 (§
984 630 1032 700 89
1056 627 1108 694 ed.
1132 627 1264 714 Mucii.)

166 743 434 811 conformarnnt:
474 737 668 809 Accensum
692 743 830 808 solitum
851 747 942 808 ciere
966 740 1116 810 Boeotia
1138 759 1260 809 osten-

164 858 227 938 dit,
253 882 357 949 qnam
378 857 588 924 comoediam
612 855 731 950 Aqui
739 858 753 923 l
760 862 791 924 ii
814 883 889 924 esse
910 857 1040 925 dicunt.
1094 859 1150 926 Sic
1173 860 1263 925 enim

163 1001 237 1068 pro.
257 1000 299 1045 eo
327 974 422 1067 quod
449 973 586 1041 codices
610 999 727 1041 omnes
758 991 893 1052 tenent,
930 975 1034 1050 alii,
1072 978 1265 1042 cum·Tur·

163 1094 252 1159 nebo
281 1092 469 1158 Gronovius
492 1107 605 1157 annot.
630 1091 666 1156 in
693 1088 780 1156 Geli.
806 1117 842 1181 p.
870 1087 952 1171 214,
980 1116 1064 1184 qnos
1082 1092 1264 1158 etBothius

163 1210 297 1301 Fragm.
322 1208 499 1298 comico.
527 1207 574 1276 37
603 1224 635 1272 ot
661 1205 850 1274 Muellerus
877 1225 1009 1274 secutus
1025 1225 1098 1289 est:
1126 1223 1266 1274 nonest

166 1340 298 1391 secutus
327 1321 538 1415 Spengelius.
590 1323 654 1389 Hic
679 1337 789 1387 antem
824 1347 898 1389 cnm
925 1325 1135 1416 propositum
1160 1349 1178 1387 a
1204 1347 1264 1388 ne·

165 1440 235 1505 scio
264 1435 449 1530 quo-apud
476 1438 552 1504 Ant
577 1437 797 1530 Angtntinnm
822 1435 873 1506 M.
900 1434 1002 1507 Accii
1025 1437 1071 1524 (h.
1093 1463 1122 1505 e.
1140 1434 1265 1519 Plauti)

165 1579 290 1621 nomen
318 1551 423 1621 solunt
452 1574 660 1619 essenorum
686 1551 778 1631 dixit,
811 1577 878 1620 nec
901 1553 1085 1620 litterarum
1112 1544 1265 1617 similitu·

167 1668 282 1734 dinem
308 1666 488 1734 admodum
519 1671 658 1748 curavit,
697 1694 760 1735 nee
796 1669 839 1735 de
866 1671 1028 1739 constanti
1054 1671 1088 1734 iu
1115 1669 1180 1734 hoc
1206 1693 1266 1760 go-

166 1809 251 1850 nere
280 1783 524 1851 consuetudine
548 1785 710 1850 Varronis
739 1787 900 1878 cogitavit,
932 1811 1034 1876 quem
1060 1787 1095 1849 in
1121 1783 1263 1850 afferen-

167 1898 217 1966 dis
245 1899 443 1966 testimoniis
476 1901 635 1965 Plautum
670 1898 800 1981 solere,
833 1926 900 1966 non
926 1899 976 1968 M.
1003 1896 1138 1967 Attium·
1162 1900 1264 1966 citare

166 2033 259 2083 recte
298 2013 486 2106 Madvigius
518 2015 645 2107 Opust.
668 2016 670 2020 ’
691 2015 783 2081 acad.
822 2040 855 2109 p.
891 2016 939 2086 95
967 2033 1080 2081 annot
1116 2014 1264 2096 monuit;

168 2147 348 2223 praeterea
374 2147 485 2195 autem
508 2132 678 2197 Boeotiam
707 2131 829 2199 oblitus
858 2150 908 2197 ost
935 2129 1083 2197 aGeilio
1107 2132 1266 2197 intereas
1322 2146 1325 2151 ·

167 2244 296 2313 fabulas
324 2245 464 2326 referri,
500 2272 585 2339 quae
620 2273 695 2315 cum
731 2272 813 2315 non
837 2247 1006 2315 communi
1033 2266 1197 2313 consensu
1220 2238 1265 2307 ad

166 2361 322 2440 Plautum
346 2362 561 2442 referrentur,
589 2364 667 2433 huic
694 2363 832 2457 quidem
858 2365 900 2430 ab
926 2364 999 2454 ipso
1015 2359 1265 2429 vindicarentur

167 2480 339 2545 Varrone:
364 2495 409 2558 ut,
437 2479 464 2544 si
490 2504 564 2544 cum
591 2481 637 2546 Μ.
662 2480 741 2545 Anii
768 2480 906 2548 nomine
933 2476 1024 2545 idem
1037 2475 1147 2543 Varro
1173 2471 1266 2541 ioli·

167 2593 241 2659 bris
268 2592 311 2659 de
336 2591 361 2661 l.
385 2592 441 2660 lat
464 2596 592 2661 sociare
617 2595 788 2663 Boeotiam
817 2594 961 2661 sabulum
986 2591 1156 2668 voluisset,
1183 2611 1267 2659 con-1

171 2708 361 2775 venientiua
394 2733 454 2775 suo
490 2711 595 2801 ipsius
630 2711 738 2777 sensui
772 2707 822 2780 M.
845 2706 939 2775 Attii
962 2731 1035 2775 osae
1060 2706 1143 2775 dico
1165 2729 1268 2796 qnam

170 2823 293 2891 dieunt
317 2826 517 2916 scripsisset.
568 2829 621 2892 De
649 2829 696 2893 M.
721 2826 821 2918 igitur
847 2825 937 2893 Attio
970 2843 1080 2891 actum
1105 2846 1177 2891 esse
1204 2844 1269 2911 pu·

171 2959 294 3007 tamus:
339 2939 502 3033 Scaligeri
537 2943 728 3009 coniectura
763 2936 855 3007 Aelia
888 2963 1009 3032 magno
1043 2939 1113 3007 viro
1138 2936 1269 3007 condu-

170 3054 283 3123 nauda
308 3073 377 3123 est:
409 3075 524 3123 contra
550 3075 668 3150 suapte
695 3076 811 3123 natura
838 3057 1030 3148 ambiguum
1057 3071 1109 3121 est
1133 3051 1177 3119 de
1200 3047 1269 3121 At·-

171 3171 242 3243 tilii
271 3173 409 3238 nominc
447 3171 629 3254 iudicium,
664 3171 757 3265 qnod
793 3200 811 3237 a
837 3176 963 3265 Popma
998 3167 1268 3238 commendatum

172 3288 312 3353 Osanuo
342 3284 439 3351 Anal.
471 3288 544 3359 orit.
583 3314 616 3379 p.
647 3291 716 3358 153
749 3306 782 3354 et
807 3286 976 3379 Madvigio
1007 3285 1148 3376 placuit:
1185 3299 1267 3375 puto

172 3399 268 3495 quod
302 3424 382 3469 sane
423 3419 457 3466 et
490 3404 632 3497 propius
667 3403 710 3469 ad
742 3403 804 3471 atti
828 3403 1026 3497 scripturam
1053 3398 1144 3466 atilii
1169 3422 1268 3492 qnam

172 3512 294 3615 Μ
319 3517 425 3585 forma
451 3516 596 3599 accedit,
623 3537 656 3586 et
682 3519 717 3587 in
742 3519 847 3611 ignoti
872 3517 986 3587 locum
1006 3534 1107 3585 notus
1128 3511 1268 3608 poeta*)

173 3632 390 3699 hac-rationo
415 3634 635 3704 substituitm·.
686 3633 779 3700 Nihil
814 3651 924 3700 tamen
956 3631 1145 3700 decernere
1171 3628 1268 3696 Wei-

175 3747 313 3814 chertus
337 3772 435 3815 ausus
460 3751 551 3817 Poct
576 3747 632 3817 lat
657 3747 757 3845 reliq.
784 3775 818 3843 p.
850 3747 934 3823 111:
971 3773 1033 3815 nee
1063 3768 1162 3843 posse
1192 3765 1268 3811 cum

207 3997 236 4060 t)
262 3993 385 4045 Fortasse
411 4008 465 4045 uon
491 3993 611 4046 diversus
628 3994 661 4046 ab
679 3994 707 4046 t.
728 3993 819 4046 nautio
837 3987 1167 4045 Praenestino-fabularum
1181 3997 1271 4040 actore

264 4077 483 4131 Terentinum-nn.
506 4108 538 4123 .-
559 4079 679 4132 Ceteram
699 4082 776 4132 etiam
799 4079 866 4146 apnd
887 4078 1041 4130 Euanthius
1060 4075 1093 4125 do
1112 4074 1163 4126 tau.
1184 4073 1274 4143 ptri

262 4165 346 4216 Weat.
364 4164 451 4217 Atta'h‘a’
467 4180 561 4220 nonen
579 4168 662 4219 visum
682 4175 721 4218 ast
740 4166 880 4221 Welckero
914 4167 947 4216 de
966 4173 1031 4230 trag.
1051 4162 1092 4219 Gr.
1112 4177 1137 4231 p.
1157 4160 1225 4214 1³96
1247 4161 1273 4212 in

262 4251 334 4309 Atrio
351 4253 479 4320 scriptura
500 4253 590 4317 intera,
615 4270 648 4333 ιιι
667 4253 730 4306 Atta
747 4244 833 4320 poiius
851 4262 905 4305 orta
925 4254 949 4304 ai
968 4249 1155 4322 Neukirohinm
1170 4247 1204 4301 aa
1221 4247 1272 4303 tat.

265 4347 318 4408 tog.
338 4357 361 4412 p.
385 4342 575 4395 insaturatus.
613 4343 657 4394 ilis
671 4343 760 4394 affinia
781 4341 889 4412 praebet
905 4341 1078 4395 Waiclacrtne.
1115 4378 1118 4383 .
