2872 4942
508 381 670 429 saravum
698 379 899 423 »navarram
1171 352 1242 426 539
1314 357 1318 364 '

154 579 319 646 negamus
345 552 409 619 alio
435 549 593 619 additicio
628 549 696 618 ullo
729 548 963 640 interpolatam
998 574 1082 619 esse.
1136 550 1241 618 Nimis

157 673 251 736 enim
278 669 454 736 ridiculum
482 669 590 735 dicam
617 694 659 733 an
683 665 909 734 execrabilem
927 692 962 732 se
984 671 1158 759 praestitit,
1185 672 1243 762 qui

156 788 292 852 recenti
318 787 476 852 momoria
513 811 588 851 cum
622 782 842 876 negligentius
876 779 1098 877 licentiusque
1124 786 1242 851 factam

159 903 545 968 omnamTrinummum
573 902 724 992 opinatus
751 917 810 977 est,
836 897 920 963 adeo
948 918 983 966 ut
1008 899 1156 992 paullum
1185 902 1244 966 ab·

160 1017 205 1083 sit
229 1018 310 1108 quin
338 1041 409 1083 eam
431 1016 576 1082 fabulam
601 1015 751 1083 aPlauto
778 1038 914 1106 prorsus
938 1014 1144 1096 adiudicarit‚
1170 1034 1242 1082 tum

157 1131 455 1223 interpolationum
482 1150 605 1198 tantam
632 1133 694 1198 sibi
730 1131 816 1195 visus
846 1147 895 1195 est
921 1115 1166 1197 multitudinem
1192 1131 1245 1199 in-

156 1247 333 1338 vestigare,
359 1266 396 1314 ut
413 1246 559 1341 singulos
584 1271 698 1314 versus
726 1245 1059 1338 quiflquaginta,
1085 1245 1241 1313 undecim

156 1359 295 1428 tabulae
321 1361 405 1430 locis
441 1361 655 1455 dispertitos,
694 1360 746 1428 vel
772 1360 944 1427 secluserit
970 1388 987 1427 a
1013 1363 1164 1452 genuinis
1190 1362 1244 1430 vel

156 1492 255 1543 certe
280 1478 316 1542 iu
343 1479 567 1570 suspicionem
593 1478 737 1558 vocarit,
774 1479 864 1543 inter
894 1500 1018 1569 eosque
1044 1502 1145 1544 uuum
1171 1497 1243 1545 tan-

155 1609 231 1659 tum
259 1596 390 1672 eorum',
419 1592 461 1658 de
487 1595 608 1686 quibus
631 1616 690 1658 nos
720 1593 846 1687 egimus
871 1588 965 1677 (lv):
991 1618 1067 1657 nam
1095 1592 1137 1658 de
1164 1592 1243 1659 reli-

155 1707 236 1799 quis
270 1706 354 1773 nihil
388 1705 609 1800 εὐρινοτάτῳ
643 1709 757 1774 critico
792 1705 948 1773 suboluic
1011 1708 1063 1772 En
1096 1705 1243 1774 indicem

154 1824 394 1893 innocentium
422 1823 677 1903 versiculorum,
707 1825 742 1888 in
773 1846 857 1915 quos
893 1840 957 1895 tam
991 1822 1085 1888 fortis
1121 1825 1244 1891 exstitit

151 1937 321 2030 insipieus
347 1937 403 2004 ille
435 1935 556 2032 (κάρτ’
580 1930 626 2005 da
651 1934 847 2026 ἐπώνυμος)
877 1937 1092 2005 laudatissimi
1121 1938 1243 2031 Σοφο-

149 2049 423 2143 κλεομάστιγος
449 2053 573 2146 Heiglii
599 2053 801 2125 aemulator:
825 2054 849 2132 Ι,
878 2056 909 2132 2,
936 2050 968 2124 ’4.
997 2054 1145 2127 13-28.
1173 2053 1242 2124 169

149 2172 298 2237 -172
332 2170 374 2248 ΙΙ,
400 2177 430 2249 Ι,
453 2168 487 2238 9.
515 2171 571 2238 28.
606 2171 648 2251 ll,
674 2166 706 2255 4,
733 2175 786 2237 ll.
821 2170 880 2248 ΙΙΙ,
907 2171 939 2249 3,
963 2171 1118 2239 98-33.
1146 2171 1242 2240 67-

153 2285 219 2363 69.
254 2285 312 2365 lV,
341 2293 371 2364 l,
403 2287 554 2361 ΙΙΙ-20.
594 2287 653 2367 lv,
676 2280 710 2368 4,
740 2287 892 2360 18-22.
943 2287 986 2355 Et
1013 2311 1141 2356 caussas
1168 2287 1243 2378 qui-

153 2401 239 2468 dem
268 2403 336 2468 cius
362 2405 554 2469 temeritatis
579 2401 674 2467 illum
700 2421 755 2467 aut
779 2400 958 2473 levissimas
986 2419 1017 2469 et
1032 2427 1139 2495 prope
1157 2427 1240 2494 pue·

151 2515 239 2582 riles
267 2536 322 2582 aut
346 2519 611 2611 perversissimas
630 2535 686 2585 aut
699 2543 836 2610 prorsus
856 2516 964 2583 nullas
986 2536 1125 2609 praeter
1147 2543 1243 2615 suum

153 2629 316 2697 nimirum
348 2659 482 2701 sensum
520 2632 690 2726 quendam
721 2633 878 2699 babuisse
913 2632 1017 2700 facilis
1050 2658 1112 2735 nep
1144 2631 1242 2698 fallax

156 2749 349 2816 coniectura
374 2732 432 2819 est:
483 2748 581 2834 Quod
611 2752 698 2816 enim
725 2747 966 2849 plurimorum,
1006 2751 1040 2814 in
1067 2774 1150 2847 quos
1177 2766 1242 2821 tam

157 2860 314 2928 effrenata
342 2862 504 2955 cupiditas
528 2866 657 2947 saeviit,
691 2890 847 2931 versuum
874 2866 1059 2931 communis
1087 2863 1241 2937 condicio

163 2975 247 3043 baec
273 2996 343 3059 est,
378 2973 469 3072 quod
504 2981 556 3045 iis
592 3005 752 3048 carere
786 2981 859 3046 sine
886 2979 1068 3047 offensione
1094 2978 1147 3047 vel
1171 2982 1242 3047 sine

169 3095 314 3181 graviore
351 3094 567 3161 incommodo
606 3118 868 3189 possumus,⁴
898 3122 937 3162 ea
972 3095 1128 3189 profecto
1170 3092 1243 3164 talis

172 3200 405 3279 commendatio
432 3229 500 3289 est,
525 3228 561 3276 ut
586 3214 716 3290 maiore,
740 3214 837 3281 etiam
863 3210 961 3279 laude
989 3211 1106 3305 dignus
1131 3211 1244 3282 videa·

173 3334 233 3405 tur,
271 3329 330 3419 qui
361 3351 432 3391 non
467 3332 668 3394 necessariis
700 3327 827 3397 scilicet
861 3329 1000 3399 extrusis
1030 3329 1183 3398 omnibus
1209 3330 1245 3393 in

169 3428 324 3506 brevitati
349 3445 537 3536 argumenti
572 3443 752 3525 exilitatem
784 3445 950 3537 integram
982 3444 1128 3512 fabulam
1154 3441 1244 3509 redi-

162 3546 242 3637 ’ἔθυε
267 3559 416 3624 animum
441 3558 619 3626 induxerit.
684 3563 776 3643 Quae
805 3560 946 3627 comita
973 3562 1054 3643 sint,
1086 3561 1243 3657 quoniam

157 3674 204 3731 tot
238 3699 358 3767 pravae
384 3675 615 3767 neiusdemque
645 3678 781 3768 ignavae
820 3674 971 3742 libidinis
1005 3675 1242 3771 speciminibus

151 3776 351 3882 ⁸¹⁸ngillatim
384 3789 586 3885 exagitandis
613 3815 735 3883 operae
769 3793 913 3884 pretium
947 3791 1019 3857 fieri
1052 3813 1121 3856 non
1148 3808 1246 3881 puta-

144 3902 244 3988 m'us‚'
266 3905 397 3974 delecta
422 3906 537 3974 axilla
559 3931 717 3973 versuum
734 3905 945 3972 mtrltitudine
965 3903 1116 3997 exempla
1141 3910 1243 3997 qude-

143 3999 235 4093 dam
259 4023 440 4116 insigniora
465 4023 521 4090 bic
549 3990 779 4102 tiactabimus,
823 4047 890 4088 non
919 4046 985 4114 quo
1016 4019 1240 4087 defendamus

143 4140 244 4209 quaa
270 4136 346 4204 telis
369 4138 600 4205 infirmissimis
626 4138 728 4249 pgita
750 4160 818 4243 non
835 4155 934 4230 egent
955 4135 1159 4215 defensione,
1183 4133 1244 4201 sed

143 4250 183 4301 *¹²
212 4252 284 4320 aliis
312 4253 576 4323 dubitationibus
614 4254 755 4320 obnoxia
789 4255 911 4343 partim
937 4248 1154 4319 emendando
1183 4274 1242 4316 ex·

150 4355 314 4448 P⁰liamus
341 4372 462 4461 partim
487 4368 738 4462 interpretando
767 4369 997 4463 explanemus.
1045 4366 1132 4437 Nam
1158 4368 1242 4434 baec
