2872 4942
173 343 247 418 384
439 369 481 411 vt.
508 368 550 411 nu
578 367 695 411 »ωτι
725 366 995 414 turritana-turs.

171 540 229 642 pla
263 563 408 626 exstent,
440 543 504 612 tale
536 544 694 624 affertur,
731 544 767 610 in
801 542 896 637 quod
931 542 990 610 illa
1018 542 1117 613 elisio
1143 541 1253 615 cadere

172 661 265 731 nullo
291 679 390 755 paeto
416 660 542 753 possit?
594 659 683 745 Quid
708 661 796 726 enim
822 661 938 752 tnagis·
951 659 1152 755 legitimum,
1181 662 1252 756 qnid

174 738 354 869 elegantius
381 774 445 842 illis
471 800 491 840 e
517 775 664 866 Captivis
690 776 865 841 versibus?
892 776 1017 868 Ecquis
1038 770 1252 877 refossum-

171 919 246 959 uam
274 893 525 984 integerrimum
552 915 700 956 versum
709 891 840 982 putabit
861 889 954 958 velut
978 891 1045 959 hoc
1069 889 1174 959 modo
1188 916 1251 959 cor-

169 1010 304 1099 ruplum
328 1005 465 1099 legisse:

267 1117 302 1187 e't
321 1138 381 1187 tua
398 1139 432 1186 et
447 1138 506 1186 tua
528 1115 593 1187 luic
607 1128 743 1187 oruatu'
769 1117 933 1189 revenere
947 1147 993 1188 ex
1007 1116 1186 1189 sententia
1196 1123 1250 1187 -i

84 1294 88 1301 .
167 1238 220 1304 An
247 1263 380 1303 rausum
406 1237 449 1303 de
475 1236 589 1330 elapso
618 1239 783 1304 enostris
809 1238 906 1305 libris
933 1237 1104 1306 versiculo
1140 1238 1250 1333 cogita·
1276 1272 1286 1307 ,-

166 1354 275 1420 bimus
311 1351 393 1421 deve
426 1354 673 1419 Rufinianorum
710 1354 890 1446 verborum
913 1352 1056 1420 lacuna?
1105 1353 1249 1422 Viderint

166 1468 236 1535 alii:
273 1493 334 1561 ego
367 1493 435 1534 non
463 1468 615 1560 expedio.
665 1470 738 1536 Hoc
773 1494 874 1534 unum
900 1468 1021 1550 video,
1055 1469 1101 1536 dc
1132 1469 1248 1562 vulgata

160 1584 302 1678 'quidem
328 1585 419 1677 apud
446 1585 598 1651 Rufinum
626 1588 790 1678 scriptura
812 1584 919 1651 videri
944 1611 961 1650 s
987 1583 1073 1650 illud
1096 1585 1132 1650 in
1147 1584 1248 1651 Sisen-

165 1727 229 1767 nae
256 1701 438 1792 exemplari
470 1700 620 1768 Plautino
652 1724 769 1789 revera
797 1703 957 1767 omissum
980 1700 1094 1765 fuisse.
1144 1701 1245 1782 Quan-

165 1843 265 1909 quam
304 1818 331 1882 si
368 1817 540 1909 scripserit
571 1814 725 1882 Sisenna:
770 1817 841 1882 Hic
875 1831 1062 1881 ornatuss
1094 1815 1242 1891 deterant,

163 1935 295 2024 possint
323 1932 406 1999 haec
436 1931 575 1999 fortasse
615 1934 714 1998 ctiam
749 1934 793 1999 ita
826 1933 955 2025 accipi,
997 1949 1034 1997 nt
1066 1932 1104 1996 in
1137 1919 1242 1998 chartis

161 2047 264 2140 plene
299 2049 525 2139 perscriptum
563 2065 708 2114 ornatus
753 2048 885 2115 dicatur
903 2042 938 2114 ε’
957 2046 1106 2114 litteram
1132 2064 1241 2112 tantum
1269 2047 1271 2055 ’

163 2163 410 2255 pronuntiantis
437 2187 495 2229 ore
520 2165 678 2230 amisisse.
704 2161 737 2249 *)

264 2275 326 2365 (7.)
365 2278 557 2345 Aululariae
590 2304 748 2359 scenam,
786 2281 877 2347 cuius
913 2279 1122 2370 anapaesticis
1149 2291 1241 2342 metra

161 2393 323 2462 Sisennae
350 2412 415 2460 tam
442 2395 575 2463 concisa
600 2397 666 2463 visa
692 2415 768 2462 sunt
794 2413 922 2462 utnon
948 2392 1165 2486 intelligeret,
1180 2412 1238 2456 esse

161 2529 223 2578 act.
250 2511 307 2590 IV,
332 2512 354 2580 9
390 2513 600 2577 Hermannus
628 2510 711 2578 vidit
734 2510 840 2576 Elem.
867 2509 973 2577 doctr.
1000 2527 1098 2579 metr.
1124 2534 1157 2601 p.
1178 2502 1234 2574 till

160 2652 221 2719 sq,
248 2627 340 2710 cuius
367 2629 449 2692 haec
473 2645 549 2693 suut
569 2628 690 2692 verba:
725 2625 847 2719 qrtodri
871 2627 970 2690 homo
984 2625 1161 2692 Romanus
1181 2626 1235 2687 iam

161 2746 211 2807 itu
237 2742 408 2822 iudicavit,
436 2759 536 2807 tarrto
563 2747 742 2833 aequiores
768 2742 918 2808 arbitros
949 2740 1048 2806 nobis
1061 2745 1151 2828 fore
1173 2760 1234 2830 spe·

160 2882 287 2954 rannus,
323 2884 396 2923 cum
421 2870 560 2925 scenam
582 2863 683 2924 istum
708 2863 890 2925 restituere
917 2861 1068 2922 numeris
1093 2860 1162 2923 suis
1191 2875 1235 2918 ca·

161 2973 328 3065 trahimur.

653 3172 790 3258 §rus

256 3336 532 3401 pertractavimus
558 3335 755 3401 Sisenniana
781 3336 962 3429 fragmenta
988 3363 1005 3401 a
1032 3335 1150 3400 Rufino
1175 3352 1233 3429 serf

158 3468 238 3515 vata.
306 3451 433 3532 Quibus
480 3477 569 3531 nunc
612 3449 792 3532 accedant,
832 3477 918 3542 quae
965 3449 1137 3517 Charisius
1176 3469 1234 3513 me·

163 3611 490 3624 —————-——-——-

207 3679 232 3751 ἥ)
264 3679 302 3730 De
323 3679 372 3730 hoc
394 3681 432 3730 sic
450 3681 609 3734 Hermannua
633 3684 774 3735 iudicarim
809 3683 885 3749 ,Das
904 3684 1007 3736 oruatu'
1036 3685 1133 3752 glaube
1151 3682 1191 3737 ich
1210 3683 1235 3731 iti

260 3767 381 3818 wirklich
399 3767 445 3817 auf
464 3767 536 3834 Gapt.
557 3770 585 3832 V,
605 3774 631 3835 3,
649 3772 683 3824 20
708 3789 741 3822 zu
759 3770 894 3822 beziehen.
923 3771 997 3823 Denn
1017 3773 1124 3825 ubwuhl
1144 3772 1235 3826 Plautus

254 3857 351 3921 gewiss
377 3855 447 3905 nicht
474 3856 518 3906 das
544 3873 623 3907 svor
642 3861 726 3908 ciuem
746 3858 825 3908 Vocal
847 3861 1048 3926 weggeworfen
1067 3861 1125 3924 hat,
1149 3857 1234 3911 scheint

257 3942 323 3992 doch
342 3930 455 3992 Sisennai
470 3944 515 3992 das
535 3943 660 4010 geglaubt
677 3962 709 3995 nu
729 3944 820 3996 haben.
850 3944 906 3996 Und
928 3944 1030 3997 hieraus
1049 3947 1113 3999 lisst
1130 3945 1233 3998 sicher·

260 4029 368 4093 ltliren,
396 4046 494 4080 warurn
513 4046 541 4081 er
558 4032 633 4083 ‹liese
651 4041 724 4082 sonst
741 4048 770 4083 so
790 4033 973 4099 gewchnliche
992 4035 1179 4101 chwerfung
1194 4043 1232 4096 gt·

256 4117 317 4168 rade
345 4117 402 4170 hier
431 4119 548 4169 ertvahnt
575 4119 626 4169 hat.
658 4119 770 4170 Freilich
799 4119 909 4171 beweiat
935 4121 981 4172 das
1008 4121 1087 4173 keine
1107 4117 1233 4172 besonderc

259 4205 396 4256 Kenntniss
415 4206 460 4256 der
478 4207 570 4257 Metrik
588 4206 640 4256 und
659 4207 796 4258 Prusodie:
818 4207 880 4258 aber
898 4208 1116 4275 dieBeruerkung
1134 4201 1232 4258 nterdte

256 4292 338 4341 Scene
357 4293 403 4343 der
424 4293 557 4345 Aulularia
575 4294 678 4344 verriuh
699 4295 727 4357 ju
745 4295 835 4356 sehon,
857 4295 915 4346 dass
934 4296 985 4346 ihm
1006 4297 1052 4348 das
1067 4296 1175 4362 richtige
1192 4289 1231 4340 lt·

256 4392 301 4427 sen
321 4379 366 4429 der
386 4381 465 4432 Verse
483 4382 554 4432 nicht
572 4382 616 4438 hat
633 4383 757 4450 gelingen
775 4382 899 4434 woltens
