2872 4942
587 367 806 451 arceamur-s.
1166 367 1233 440 411

255 569 476 640 Menandriae
513 568 645 636 fabulae
680 569 795 636 Plauto
830 567 916 637 duce
943 566 1075 635 attribui
1102 567 1238 634 fortasse

153 688 324 784 quaedam
352 714 392 755 ex
417 689 552 755 incertis
579 711 665 778 quae
691 686 842 751 seruntur
868 684 1046 752 Menandri
1073 684 1242 777 fragmen·
1281 675 1285 686 ’

153 809 196 873 tis
230 800 410 897 poterunt,
448 801 541 869 volut
576 802 821 869 Sententiarum
862 800 1076 894 singularium
1110 826 1140 864 u.
1169 795 1242 869 493

152 921 263 1007 Mein.
288 920 361 988 532
386 917 545 986 Brunclm
580 915 646 983 οὐκ
677 909 780 982 ’ἐστιν
803 907 909 984 οὐδὲν
937 908 1057 1003 κτῆμα
1091 911 1243 981 κάλλιον

152 1027 282 1130 φίλου,
309 1053 517 1127 comparatus
544 1059 561 1098 a
585 1032 704 1100 Bothio
729 1057 802 1098 eum
827 1033 945 1100 Bacch.
974 1032 1034 1121 III,
1060 1033 1094 1112 2,
1121 1033 1182 1098 25*-

898 1146 1063 1223 arbitror,

258 1262 404 1330 Homini
424 1266 546 1338 arnico,
570 1267 629 1355 qui
644 1280 703 1351 est
726 1266 853 1328 amicus
876 1266 926 1328 ita
950 1267 1002 1328 uti
1022 1284 1149 1326 nomen
1163 1281 1243 1352 pos-

749 1379 859 1455 sidet,

259 1495 337 1560 Nisi
360 1493 453 1575 deos,
471 1499 509 1559 ei
533 1494 584 1559 nit
605 1510 795 1586 praestare.

157 1607 231 1678 Sed
256 1632 322 1674 nee
344 1611 422 1676 huie
449 1610 605 1702 exemplo
626 1609 765 1676 multum
781 1611 902 1691 tribuo,
920 1609 1114 1703 praesertim
1132 1608 1168 1672 iu
1186 1604 1259 1671 ali--

158 1752 227 1818 qua
254 1722 441 1817 frequentia
466 1724 623 1791 similium
645 1725 735 1819 apud
756 1724 907 1792 Plautum
938 1727 1186 1802 sententiarum,
1211 1738 1248 1786 ut
1307 1774 1311 1784 .

159 1840 295 1935 Epidio.
322 1841 381 1920 111,
407 1843 440 1921 3,
466 1837 529 1908 llll:

162 2008 166 2013 -
260 1956 359 2025 Nihil
382 1957 513 2022 homini
536 1960 644 2024 amieo
672 1975 723 2023 est
746 1974 937 2051 opportuno
963 1962 1103 2023 amicius
1117 1938 1192 2021 ·-:⁸

159 2096 227 2142 nee
262 2074 328 2140 hoe
366 2059 463 2140 omne
496 2099 598 2166 genus
632 2073 730 2141 video
753 2100 829 2142 eum
854 2074 1027 2166 proposita
1053 2072 1248 2166 quaestione

160 2191 207 2256 ita
235 2189 445 2256 coniunctum
470 2214 551 2268 esse,
576 2207 613 2255 ut
636 2213 704 2256 nou
725 2192 830 2281 possit
851 2193 986 2257 missum
1011 2189 1094 2255 fierit
1141 2189 1249 2258 Multo

164 2307 265 2373 etiam
296 2305 404 2369 minus
440 2304 549 2370 tribuo
579 2304 621 2369 ab
656 2303 777 2371 eodem
801 2305 919 2371 Bothro
945 2305 1143 2397 comparetis
1167 2306 1250 2373 Bac-

166 2418 258 2488 ehid.
283 2420 325 2499 V,
352 2423 384 2498 e,
412 2416 457 2488 76
483 2446 557 2512 sqq.
583 2417 614 2505 Ι)
642 2445 717 2485 cum
742 2419 920 2513 Amphidis
956 2446 974 2486 e
1006 2418 1250 2516 Γυναικοκρα-

160 2529 230 2625 τίᾳ
247 2534 409 2614 versibus,
436 2535 494 2627 qui
517 2552 595 2602 sunt
620 2533 711 2627 apud
735 2535 856 2601 Athen.
882 2535 975 2616 VIII,
997 2562 1031 2628 p.
1057 2536 1129 2607 336
1156 2562 1183 2604 e.
1207 2539 1251 2621 d.,

161 2678 228 2721 nee
254 2652 447 2733 tribuerem,
472 2651 502 2716 si
526 2649 580 2717 vel
607 2652 747 2717 maxime
768 2669 858 2719 eerta
879 2652 1017 2719 imitatio
1034 2671 1142 2721 esset:
1168 2652 1251 2722 alio·

163 2769 225 2863 qui
249 2765 334 2860 quid
359 2765 426 2833 illis
448 2765 558 2846 facias,
582 2792 668 2858 quae
689 2765 733 2864 de
757 2768 862 2834 veteri
886 2765 998 2860 deque
1021 2792 1105 2836 nova
1128 2794 1254 2862 puero·

165 2911 244 2953 rannv
266 2882 443 2974 disciplina
468 2882 509 2947 ab
525 2880 619 2975 Lydo
639 2882 767 2974 prolata
785 2879 903 2950 Baeeh.
917 2884 977 2963 III,
989 2885 1023 2965 3,
1042 2882 1182 2979 ttisqq„
1209 2885 1253 2954 ad

164 2999 399 3093 Aristophanis
425 2999 514 3064 Nub.
542 2999 610 3071 961
636 3024 710 3092 sqq.
737 2998 953 3068 imitationem
971 3002 1157 3094 composita
1177 3020 1254 3095 post

162 3117 315 3210 ‘Lipsium
342 3112 514 3207 Epistolie.
542 3117 672 3198 Quaest
700 3116 759 3196 III,
790 3121 833 3186 17
859 3142 968 3209 nuper
987 3118 1140 3185 Osannus
1165 3118 1255 3185 iudi-

165 3235 250 3302 cavit
277 3234 462 3299 Comment.
498 3229 541 3296 de
577 3231 683 3297 Plauti
711 3232 957 3324 Amphitruone
989 3234 1024 3299 in
1050 3237 1136 3304 Mus.
1169 3236 1253 3330 phil.

162 3350 272 3419 liheu.
298 3350 340 3428 ΙΙ,
367 3376 399 3441 p.
426 3347 518 3417 331?

264 3460 318 3542 At,
344 3465 454 3541 audio,
480 3462 701 3530 Menandriae
724 3463 856 3531 fabulae
885 3485 918 3534 et
935 3466 1105 3537 Plautinae
1130 3462 1254 3563 qualis-

152 3575 301 3677 'ounque
327 3580 508 3648 similitudo
536 3605 602 3646 uno
618 3579 763 3674 quodam
786 3582 971 3676 fragmento
1000 3588 1135 3670 corruit,
1161 3585 1254 3695 quod

162 3726 206 3770 ex
233 3703 494 3793 Drsexapatonte
509 3698 705 3790 Fulgentius
717 3699 823 3791 Mytb
840 3701 900 3782 ΙΙΙ,
918 3707 948 3768 1
938 3728 995 3796 ..p
1014 3701 1094 3776 704.
1124 3705 1253 3784 Stauen

161 3895 472 3913 Μ
493 3895 496 3901 “

370 4067 492 4118 Nonttbt'
507 4068 577 4118 uertit
593 4068 622 4116 in
639 4069 762 4129 mentem,
779 4066 884 4131 απιαόσ,

367 4156 415 4218 Si,
435 4155 495 4206 datm
510 4156 597 4218 oinos,
618 4154 663 4205 tili
680 4155 742 4206 bene
759 4156 859 4220 socios,

368 4241 417 4294 Pol
432 4243 485 4292 iarn
503 4242 530 4294 t'd
549 4242 648 4308 quidem
666 4258 721 4292 etse
738 4242 808 4293 hond
824 4240 1049 4310 perlonqinquom:

366 4331 458 4397 'Neque
474 4314 500 4381 si
517 4329 565 4380 lm'e
584 4329 658 4380 hodie
677 4313 786 4391 amisis*
792 4337 849 4397 post
871 4330 900 4380 in
984 4308 991 4325 ⁰

437 4417 521 4471 Morte
541 4418 569 4491 id
585 4426 716 4470 venturum
736 4433 789 4469 esse
804 4418 945 4485 umquam?

213 3988 247 4057 β)
261 3982 357 4034 Versus
377 3981 542 4046 anapaestico
562 3986 702 4044 systemate
721 3979 976 4046 comprehendendos
995 3982 1074 4051 puto‘:
1144 3950 1223 4169 «ζ
