2872 4942
583 140 595 169 Ι

170 306 242 389 600
514 330 542 369 x.
591 330 632 375 na
659 330 786 377 cantro
813 329 912 373 artrv

171 499 281 568 valent
306 496 346 564 ad
375 525 404 564 v.
434 493 480 565 14
507 514 680 613 annotata:
703 497 854 595 Sequere
879 497 946 565 lzac
971 522 1029 564 me
1052 505 1167 571 intus
1177 501 1257 592 apud

173 610 388 708 Glycerium]
428 615 507 687 lein
536 630 615 717 post
644 639 784 697 acerram
811 618 901 689 iter,
936 618 1022 705 quia
1056 616 1236 681 ulterius
1225 643 1256 687 ιιι

170 757 275 801 scena
292 710 395 803 tzilu'l
403 733 532 820 agitur.
560 730 602 795 Et
614 729 697 797 adv
710 734 771 800 17:
798 729 840 798 St
851 727 978 823 quad
946 747 1001 813 est
1021 731 1122 824 qnod
1141 730 1254 820 restat]

174 830 263 940 (lure
281 849 486 921 narratione
499 843 649 947 dignum
655 867 736 920 non
762 862 824 927 est,
849 845 943 938 qued
957 845 1141 913 Clmrtnus
1153 865 1254 939 rogat.

211 1022 226 1057 ·.
296 965 502 1031 Retractatae
530 978 563 1037 et
589 963 741 1054 integrae
768 987 887 1033 scenae
917 966 1123 1033 accessione
1151 984 1254 1034 auctae

171 1078 300 1148 fabulae
324 1104 397 1145 cum
425 1101 494 1145 non
518 1100 585 1143 ttna
611 1103 724 1173 caussa
747 1079 781 1142 in
807 1098 966 1172 promptu
995 1083 1062 1160 sit,
1101 1099 1170 1148 tum
1197 1107 1254 1149 nou

169 1170 217 1263 eit
244 1221 281 1261 eu
306 1219 362 1260 res
387 1194 459 1259 sine
488 1192 651 1286 exemplo.
710 1193 781 1261 Sed
808 1194 977 1265 Plautinae
1004 1195 1148 1265 fabulae
1170 1201 1254 1269 Mer·

169 1312 287 1381 catoris
313 1335 429 1377 scenas
455 1307 629 1376 additicias
661 1333 729 1378 non
762 1309 913 1380 debebat
945 1311 1015 1381 hue
1038 1313 1178 1385 referre
1200 1311 1254 1378 ial-

169 1394 297 1497 sissimo
332 1386 508 1493 Niebuhrii
540 1423 666 1492 iudicio
699 1425 842 1492 conlisus
879 1426 1069 1496 Grauertus
1105 1455 1191 1521 p.
1169 1431 1253 1498 003·

169 1568 237 1614 uon
262 1542 363 1631 magis
393 1538 481 1604 enim
507 1537 589 1637 mali
611 1566 709 1632 quam
737 1540 855 1607 eadem
876 1567 950 1635 pag
964 1541 1256 1612 collaudatushn·

167 1659 305 1726 lulariae
333 1658 440 1721 exitus
468 1681 485 1719 a
511 1673 626 1721 vetere
642 1675 675 1723 et
695 1657 831 1749 antiquo
851 1676 949 1750 poeta
972 1677 1052 1727 sunt
1076 1662 1256 1753 profectae,

167 1773 228 1841 sed
247 1801 264 1838 a
285 1771 423 1837 noviciis
449 1768 641 1837 hominihus
666 1773 913 1864 imperitissime
939 1772 1165 1861 confictae),
1190 1777 1256 1850 Non

167 1890 274 1980 aptius
297 1914 315 1952 a
342 1886 472 1976 Guyeto
501 1884 534 1948 in
563 1884 696 1951 Phorm.
721 1887 763 1965 V,
789 1889 870 1979 31).
898 1887 969 1957 380
1004 1910 1152 1979 praeter
1187 1915 1256 1957 ean

169 2003 244 2070 dem
270 2001 474 2068 Aululariam
502 2017 738 2092 comparantur
763 2020 829 2068 tres
855 2000 1089 2089 illaelscenae
1117 2005 1256 2074 futilissi·

167 2147 251 2201 mac,
278 2118 399 2211 quibus
423 2115 536 2182 lacera
562 2115 673 2182 sabula
688 2116 887 2210 Amphitruo
905 2119 947 2187 ab
972 2124 1182 2191 recentioris
1204 2151 1254 2190 ae·

166 2239 240 2303 tatis
266 2230 508 2325 interpolatore
537 2249 586 2312 est
615 2232 786 2325 suppleta:
825 2232 928 2300 multo
955 2252 1068 2302 autem
1101 2239 1255 2307 alieniora

167 2353 264 2419 etiam
292 2375 330 2415 ea
356 2366 433 2427 sunt
460 2345 623 2439 exempla,
651 2374 735 2441 quae
763 2375 780 2415 o
810 2347 1010 2430 Cistellaria,
1034 2353 1251 2433 Curculione,

167 2467 370 2535 Phormione
396 2463 466 2554 peti
483 2486 594 2559 ‘posse
618 2462 710 2534 idem
739 2463 804 2536 sibi
822 2463 974 2560 Guyetus
995 2468 1077 2534 satis
1108 2472 1253 2562 prosecta

168 2602 291 2652 temere
312 2581 486 2672 persuasit.
536 2577 621 2643 Nam
647 2580 794 2671 primum
819 2580 903 2647 haec
930 2606 1006 2646 cum
1029 2583 1178 2678 reliquis
1194 2585 1252 2653 illis

169 2696 325 2791 componi
352 2712 536 2786 propterea
568 2713 763 2785 nequeunt,
804 2695 895 2788 quod
922 2722 940 2760 a
966 2700 1111 2767 metrica
1139 2720 1206 2770 arte
1227 2719 1254 2768 et

169 2813 303 2880 dicendi
331 2835 453 2902 genere
479 2829 544 2875 tam
567 2828 643 2875 sunt
665 2828 754 2879 tersa
781 2829 814 2876 et
838 2810 960 2903 polita,
991 2839 1098 2905 quam
1132 2819 1250 2885 novicia

168 2933 229 2997 ista
256 2943 442 2995 commenta
466 2924 604 2992 horrida
632 2943 664 2990 et
689 2925 821 2993 insulsa.
849 2927 982 3001 Deinde
1005 2947 1042 2995 ut
1062 2930 1247 3026 largiamur,

169 3045 259 3139 quod
287 3043 423 3136 quidem
450 3068 661 3134 nequaquam
678 3042 905 3124 concedimus,
932 3070 1198 3136 supervacaneas
1215 3042 1248 3117 tul

168 3162 353 3255 argumenti
380 3158 624 3239 absolutionem
651 3184 723 3226 esse
749 3161 784 3229 in
800 3160 1001 3229 Phormione
1027 3187 1150 3230 scenas
1168 3184 1247 3231 actut

168 3278 275 3370 quitui
302 3277 449 3356 tertiam,
477 3276 646 3366 quintam,
674 3277 871 3366 septimam,
895 3293 1042 3348 octavam
1065 3298 1102 3346 et
1125 3305 1246 3361 nonam,

165 3397 200 3460 in
228 3389 431 3461 Curculione
459 3407 649 3470 extremam,
675 3392 709 3465 iu
734 3390 919 3464 Cistellaria
942 3410 1003 3456 aet.
1032 3393 1059 3471 I,
1076 3394 1119 3471 3:
1147 3415 1246 3467 tamen

167 3537 207 3578 ex
231 3534 288 3588 eu,
327 3505 419 3598 quod
446 3507 516 3570 sine
540 3509 608 3572 istis
633 3509 784 3597 partibus
811 3507 982 3600 aliquantu
1006 3508 1132 3577 melior
1157 3511 1243 3583 exsti·

167 3648 237 3697 tura
261 3623 371 3692 sabula
396 3622 446 3697 sit,
473 3623 608 3687 minime
636 3623 822 3714 suppositas
851 3649 904 3697 eas
926 3649 998 3691 esse
1016 3645 1240 3721 consequatur.

164 3746 320 3834 Denique
348 3740 487 3813 maxime
524 3758 702 3831 utrumque
738 3765 842 3832 genus
870 3764 909 3806 eo
936 3739 1040 3816 distat·
1072 3744 1182 3835 quoti,
1219 3744 1240 3809 si

164 3856 265 3926 modu
293 3857 535 3948 aliquantisper
562 3881 636 3920 curn
664 3855 794 3948 Gnyeto
821 3858 1021 3936 seutiamuS,
1057 3859 1143 3927 istae
1177 3858 1237 3951 qui-

72 3979 75 3995 '
163 3975 242 4044 dein
269 3991 378 4065 partes
407 3997 482 4039 cunt
510 3970 709 4050 Cistellaria,
737 3971 949 4052 Curculione,
977 3973 1182 4042 Phormione
1205 3975 1237 4036 ita

161 4092 226 4161 sint
258 4089 521 4181 coirglutinatac,
550 4105 584 4153 ut
609 4090 743 4179 integris
771 4092 903 4155 servatis
930 4088 1069 4182 reliquis
1098 4093 1234 4183 partibus
1292 4148 1294 4173 ζ

160 4232 244 4275 nova
286 4207 474 4272 accessione
514 4204 625 4273 sabula
660 4230 811 4298 (luneque
851 4223 1023 4298 augeatur:
1062 4226 1178 4282 contra
1206 4206 1232 4276 itt
1292 4216 1294 4223 '

161 4311 431 4326 ⁹——

194 4345 219 4409 'J
239 4342 278 4395 t't.
297 4359 374 4411 supra
393 4360 417 4410 p.
438 4345 491 4399 399
510 4347 587 4400 dicta.
663 4346 670 4360 '
