2872 4942
507 351 624 394 antrat
652 351 921 394 manaraarmvs.
1180 329 1252 399 373

165 523 363 615 Quanquam
391 543 424 590 et
450 521 492 589 de
519 513 701 616 pistoribus
729 525 912 616 coquisque
939 521 1033 590 etde
1054 523 1129 590 vino
1150 522 1258 593 dulci·

164 639 299 731 busque
320 665 384 731 per
408 638 586 705 multarum
618 640 849 732 quaestionum
877 638 1163 730 opportunitatem
1190 637 1259 726 dia,

163 758 277 846 putari
316 757 358 822 ab
392 756 628 823 iureconsulto·
652 757 781 847 potuit:
816 755 975 847 frequens
1015 758 1104 821 enim
1141 757 1259 825 barum

164 896 285 938 rerum
322 874 357 937 iu
393 872 597 941 testamentis
623 873 832 962 potissimum
861 895 946 937 usus.
994 871 1092 953 Quod
1121 871 1260 963 quidem

163 989 208 1053 ita
242 1013 313 1054 esse
345 989 533 1054 certissimis
568 989 762 1054 testimoniis
787 983 1001 1077 intelligitur,
1032 985 1124 1052 velut
1154 987 1261 1054 Paulli

165 1104 319 1171 Sentent.
359 1129 426 1171 rec.
462 1104 531 1182 ΙΙΙ,
559 1088 607 1180 6,
628 1104 672 1170 70
701 1127 794 1194 sqq.:
844 1099 961 1168 Servis
993 1101 1260 1187 arnanuensibus

164 1219 294 1309 legatis
317 1243 447 1294 ornares,
472 1223 532 1309 qui
552 1217 600 1284 ad
616 1243 753 1282 manum
769 1190 1166 1311 serviuntfflebebuntur
1180 1264 1188 1282 .
1204 1265 1211 1282 .
1228 1264 1258 1282 ..

164 1334 343 1400 Muliones
380 1350 414 1399 et
450 1338 627 1399 institores
653 1339 745 1399 inter
772 1330 907 1398 urbana
933 1336 1125 1399 ministeria
1150 1336 1260 1399 conti·
1345 1371 1347 1375 ·

165 1466 323 1514 nentur:.
353 1453 434 1514 item
469 1448 695 1515 obsonatores
733 1465 768 1514 et
796 1452 948 1514 vestiarii
972 1464 1006 1512 et
1032 1449 1205 1513 cellararii
1225 1465 1259 1515 et

164 1563 368 1630 cubicularii
392 1581 426 1630 et
452 1569 584 1631 arcarii
608 1583 642 1630 et
668 1569 813 1656 coqui,
836 1565 1064 1655 placentarii,
1090 1581 1258 1644 tonsores,

163 1685 394 1772 pistores,
421 1682 601 1762 lecticarii,
626 1681 817 1748 stabularii.
856 1671 999 1748 ΙΙήιΙεηι
1024 1681 1043 1767 S
1070 1684 1133 1749 77:
1172 1681 1259 1747 Dul-

167 1794 262 1861 cibas
288 1796 414 1886 legatis
439 1822 545 1888 sapa,
576 1796 774 1883 defrutum,
814 1799 976 1874 monum,
1009 1797 1129 1862 dulce
1156 1801 1260 1879 etium
1364 1813 1367 1817 ’

167 1915 325 1987 vinum,
348 1911 498 2003 palmae,
514 1917 664 1988 caricae,
688 1937 771 1979 urae
784 1937 908 2004 passae
927 1912 1159 1978 debebantur:
1184 1914 1259 2004 qui-

163 2028 226 2095 bus
261 2028 345 2094 cons.
385 2030 511 2118 Digest.
545 2029 704 2110 XXXIII,
728 2027 766 2108 6,
796 2029 840 2097 16
866 2031 886 2118 §
916 2035 944 2096 Ι.
994 2029 1160 2120 Imprimis
1191 2028 1258 2095 huc

163 2145 312 2234 pertinet
351 2144 425 2237 Dig.
453 2144 611 2223 XXXIII,
639 2141 672 2224 6,
701 2145 741 2212 9:
779 2144 820 2212 Si
843 2149 917 2237 quis
941 2149 1053 2210 vinum
1080 2144 1258 2234 legaverit,
1314 2160 1318 2167 '

164 2283 267 2323 omne
294 2264 503 2334 continetur,
530 2259 623 2352 quod
644 2283 689 2324 ex
712 2265 811 2325 vinea
831 2276 949 2324 natum
968 2264 1080 2324 virtum
1094 2284 1258 2351 perman-

165 2379 220 2440 sit.
273 2373 345 2442 Sed
369 2379 401 2440 si
425 2375 566 2440 multum
592 2379 636 2441 sit
652 2358 808 2462 facturn,
837 2379 907 2440 vini
928 2375 1158 2466 appellatione
1185 2401 1257 2441 non

166 2489 401 2557 continebitur
423 2495 561 2583 pro'prie
686 2509 718 2556 et
745 2517 829 2583 quae
854 2509 1041 2583 sequuntur
1067 2491 1110 2558 de
1129 2490 1257 2582 cytho,

164 2630 275 2690 camo,
302 2610 464 2680 cervesia,
487 2605 691 2694 hydromeli,
719 2611 820 2672 rino
849 2605 963 2672 cond
971 2611 983 2671 i
991 2623 1048 2681 to,
1074 2607 1255 2682 oenorneli,

159 2745 276 2815 passo,
302 2721 456 2809 clefmto,
482 2726 687 2802 acinaticio,
714 2721 880 2810 cydonea,
911 2739 1009 2788 aceto
1034 2724 1253 2814 praescripta.

161 2836 296 2906 Similes
321 2839 426 2904 habes
454 2839 721 2930 gravissimorum
748 2839 894 2906 lotorum
932 2838 975 2904 de
1000 2863 1091 2930 penu
1118 2857 1254 2906 contro-

159 2954 287 3021 versias
305 2952 395 3044 apud
410 2952 555 3024 Gellium
575 2954 632 3044 IV„
651 2961 687 3022 1:
716 2950 759 3019 de
780 2979 847 3046 quo
862 2956 994 3046 integer
1011 2954 1254 3022 pandectarum

160 3067 276 3136 titulus
302 3067 384 3133 ibid.
404 3071 426 3140 9
447 3086 558 3134 exstat.
594 3070 637 3135 Et
662 3070 760 3136 Ateii
776 3069 947 3160 Capitonis
975 3087 1114 3161 praeter
1141 3088 1254 3136 cetera

156 3201 395 3277 praestosum
423 3185 732 3251 Coniectaneorum
753 3183 851 3263 libri,
881 3187 939 3277 qui
965 3188 1026 3251 etsi
1051 3184 1094 3250 ad
1126 3188 1176 3251 ius
1206 3187 1254 3253 vi-

157 3300 288 3367 dentur
313 3324 427 3365 omnes
451 3302 662 3392 pertinuisse,
689 3320 799 3367 tamen
815 3301 898 3367 'iuris
920 3300 1112 3392 explicandi
1140 3327 1252 3368 caussa

155 3413 237 3481 talia
265 3439 401 3506 quoque
428 3434 627 3494 tractarunt,
659 3440 743 3507 quae
779 3440 843 3506 per
869 3435 1074 3508 suspectata
1100 3442 1168 3484 non
1190 3419 1254 3482 mi·-

151 3555 222 3597 nus
254 3533 503 3622 grammaticum
535 3532 667 3622 sapiant
705 3557 803 3623 quam
845 3532 925 3597 iuris
964 3533 1128 3623 peritum,
1162 3530 1254 3599 velut

152 3670 247 3738 quae
273 3643 401 3712 Gellius
429 3647 595 3737 excerpsit
620 3647 694 3726 XX,
724 3650 762 3714 2:
786 3651 940 3712 siticines
965 3648 1166 3739 appellatos,
1194 3652 1254 3738 qui

149 3757 253 3852 apud
276 3763 361 3824 sitos
387 3784 511 3824 canere
533 3760 628 3826 soliti
653 3776 780 3836 essent,
804 3762 868 3826 lroc
894 3779 944 3828 est
961 3767 1030 3828 rita
1045 3767 1196 3849 functos
1217 3777 1251 3826 et

147 3873 330 3968 sepultos:
361 3861 483 3969 eosque
510 3876 665 3941 babuisse
687 3881 861 3968 proprium
886 3898 996 3968 genus
1022 3877 1122 3942 tubae
1148 3902 1170 3940 a
1196 3901 1250 3940 ce-

151 4008 315 4057 terorum
340 3989 515 4078 dfferens.
567 3995 658 4075 Quae
687 3994 862 4084 exscripsit
885 3960 1013 4093 Nopsss
1037 4018 1072 4083 p.
1091 3971 1147 4069 54,
1174 4018 1250 4058 cum

145 4106 228 4171 veri
255 4124 365 4172 autem
392 4109 607 4197 grammatici,
623 4106 782 4174 Caesellii
797 4107 959 4187 Vindicis,
974 4109 1148 4196 sententiis
1167 4107 1250 4174 Gel-

145 4214 221 4285 lius
248 4217 307 4286 illo
336 4222 669 4314 capite'composuit.
698 4222 852 4288 Ceterum
869 4221 1154 4314 quemadmodum
1177 4222 1248 4290 solo

149 4331 376 4403 librariorum
403 4359 517 4404 errore
542 4335 585 4408 A.
612 4335 724 4403 Atteii
738 4335 914 4426 Capitonis
936 4334 1034 4402 Plinii
1059 4335 1117 4402 lib.
1136 4337 1249 4405 XVIII
