2872 4942
164 341 236 411 638
482 364 523 406 ιι.
575 364 616 406 ns
640 362 927 407 ιιιιιιιιοιιτιοιιι

164 539 287 603 horum
313 534 411 603 alteri
428 553 501 607 ,tam
524 535 639 632 'hebes
664 538 707 601 sit
731 554 767 602 ut
793 533 846 602 vel
870 536 1038 629 tantisper
1063 540 1233 630 pstrceinc·

164 654 242 720 tur?
307 654 413 735 Quem
447 651 586 717 fortasse
619 675 662 716 ne
694 649 803 718 studio
839 649 979 744 quidem
1011 651 1086 720 ullo
1113 652 1229 719 alicuius

164 768 368 863 grammatici
390 766 632 833 conformatum
654 766 827 847 habemus,
852 766 1062 860 (quanquam
1089 769 1161 836 fieri
1182 793 1230 862 pc-

162 885 245 964 tuit‚
284 900 320 949 ut
357 883 584 975 turpissimum
617 884 783 949 senarium
817 885 867 949 sic
897 881 1150 952 dimetirentnr:
1182 882 1231 950 sed

160 1024 261 1094 quom
293 995 498 1090 ‹ibsigndtcu
537 993 670 1083 duat&
683 1003 746 1065 rit
785 988 988 1090 epistulas),
1028 999 1093 1068 sed
1128 1026 1147 1069 e
1175 998 1228 1067 sola

160 1113 300 1208 quando
328 1132 361 1181 et
382 1137 483 1205 quom
504 1112 744 1204 particularum
761 1115 1011 1206 permutatione
1038 1117 1228 1208 escripuqne

160 1255 225 1324 pro
256 1230 381 1320 afferet
404 1228 693 1329 attularitffurrna
720 1255 797 1296 casu
821 1231 933 1321 potius
959 1255 1063 1324 quam
1088 1230 1227 1298 indusuia

163 1347 351 1415 conflatum.
402 1348 487 1412 Tam
518 1363 626 1413 autem
659 1347 868 1412 manifestum
896 1343 1064 1439 glossema
1100 1373 1165 1416 nun
1191 1366 1227 1414 est

161 1463 285 1529 mirum
309 1485 356 1530 ne
384 1460 500 1527 Italum
527 1461 665 1554 quidem
691 1461 786 1528 illum
812 1463 965 1530 criticum
997 1465 1227 1543 sustinuisset

164 1579 257 1645 cuius
269 1579 467 1645 recensione
484 1562 665 1670 Lipsiensis
679 1604 755 1645 cum
782 1579 928 1672 cognatis
952 1576 1128 1646 codicibus
1145 1579 1225 1656 fluxit,

163 1697 322 1789 equibus
340 1714 427 1763 totus
454 1693 637 1765 versiculus
665 1696 770 1764 abest.
821 1675 1045 1789 Eandemque
1072 1695 1159 1763 baud
1180 1692 1227 1760 du-

161 1812 220 1877 bie
245 1811 344 1878 etiam
370 1812 404 1877 in
430 1810 652 1878 Ambrosianc
677 1810 796 1876 frustra
822 1835 1084 1902 quaereremus,
1110 1812 1138 1876 si
1159 1810 1225 1876 bant

162 1924 294 1996 fabulae
319 1944 451 2023 partem
477 1928 673 2021 superstites
697 1925 786 1994 illins
811 1925 958 1996 schedae
984 1944 1150 2006 tenerent

558 2570 865 2675 Caputil.

1008 2800 1022 2827 Ο

263 2854 356 2920 Haec
384 2879 469 2947 quae
488 2853 696 2920 tractavimus
720 2848 872 2942 exempla
894 2850 921 2916 si
944 2851 1046 2918 certis
1072 2850 1220 2945 generibus

168 2967 372 3036 distribuere
396 2968 620 3048 voluerimus,
654 2985 709 3034 aut
735 2991 849 3033 versus
876 2965 1017 3034 eosdem
1049 2966 1221 3035 errcrcitc-
1264 2986 1266 2991 ’

166 3104 255 3152 ratos
282 3086 470 3176 reperimus
497 3081 575 3171 (V),
602 3100 657 3149 aut
683 3082 827 3149 eandem
850 3083 1053 3148 sententiam
1076 3071 1219 3159 aliterd

167 3198 330 3265 similibus
357 3198 411 3266 vel
438 3197 587 3292 paullum
614 3200 744 3263 variatis
769 3198 882 3263 verbis
916 3198 989 3262 sine
1023 3199 1110 3265 iusta
1141 3214 1219 3265 cautst

169 3332 329 3408 certoque
358 3316 496 3382 consilio
524 3317 718 3406 repetitam,
745 3331 800 3378 aut
824 3337 942 3378 novam
969 3315 1164 3429 sententiam
1183 3329 1221 3374 ex·
1264 3412 1266 3417 Ι

167 3429 318 3523 plicandi
342 3457 456 3497 caussa
479 3430 638 3500 additam.
702 3430 744 3496 Et
771 3427 921 3494 eiusdem
944 3432 1129 3497 sententiae
1151 3445 1221 3516 rept-

168 3547 239 3614 titic
269 3564 325 3612 aut
357 3571 434 3611 casu
462 3548 564 3638 magis
604 3570 703 3638 quam
741 3542 879 3610 consilio
914 3542 999 3610 iacta
1037 3570 1110 3612 esse
1147 3532 1222 3610 videri

168 3679 281 3755 potest
308 3658 406 3748 (Vl),
442 3677 496 3726 aut
519 3659 593 3727 lusu
615 3663 726 3752 potius
750 3660 876 3752 ingenii
898 3658 1048 3752 quodam
1073 3661 1105 3748 (I
1128 3687 1153 3726 a,
1174 3646 1222 3733 ΙΙΙ).

168 3777 252 3849 Item
277 3801 362 3843 nova
388 3777 562 3856 sententia,
588 3773 642 3843 vel
667 3776 760 3841 novis
787 3792 880 3840 certe
904 3775 1015 3839 verbis
1044 3773 1136 3854 elata,
1159 3785 1222 3837 aaut

171 3891 475 3960 circumscribendi
496 3893 599 3986 magis
616 3889 705 3978 (IV),
733 3915 822 3957 nunc
848 3888 1034 3981 supplendi
1052 3888 1223 3982 amplifican-

173 4006 275 4102 diqne
302 4007 411 4074 studio
440 4007 584 4074 debetur
610 4008 639 4093 (Ι
664 4008 697 4072 b.
723 4003 781 4089 ΙΙ).
818 3990 962 4086 Quibus
988 4008 1162 4099 generibus
1183 3991 1222 4063 etsi

171 4140 308 4190 cunctae
331 4142 441 4215 partes
469 4119 889 4243 interpolaticuigminime
911 4118 1220 4213 comprehenduntur,

170 4256 283 4305 tamen
317 4239 524 4331 reliquarum
559 4237 711 4329 exempla
749 4237 965 4302 Trinummus
1000 4234 1135 4328 quidem
1161 4218 1222 4295 nulla

175 4351 382 4444 suppeditat:
410 4379 510 4447 quam
530 4351 676 4419 fabulam
698 4354 1222 4443 p1·acte1·commemoratosversus
