2872 4942
509 364 675 406 curarunt
703 361 897 407 autvrrnta.
1171 344 1241 416 535

158 549 325 622 utroque,
351 528 425 596 Vra.
450 533 645 622 posteriore.
698 534 808 598 Minus
836 535 935 600 etiam
962 537 1123 628 ambiguis
1146 542 1244 605 vesti-

157 647 220 739 giis
248 645 525 737 frequentativam
553 647 693 713 lutitare
724 649 864 714 sormam
888 648 1032 716 Plautini
1066 651 1144 718 libri
1181 653 1244 722 alio

157 761 237 828 loco
265 778 434 842 testantur,
456 765 534 829 item
561 765 750 830 Trinummi
775 764 818 844 ΙΙ,
846 768 878 845 2,
909 762 952 833 tlt
978 766 1065 852 (292
1086 764 1244 853 H.)a=‘ubi

160 901 238 945 cum
259 899 398 968 prorsus
424 876 544 944 eadem
570 877 809 970 depravatione
835 880 918 945 haec
941 879 1137 972 vulgentur:

261 993 352 1060 Nam
373 987 410 1059 ti
431 1018 542 1060 mores
564 989 729 1060 naulorum
760 993 924 1073 laudant,
964 991 1099 1061 eo'sclcm
1125 999 1139 1062 l
1150 1016 1245 1066 atu-

754 1109 853 1175 lant
878 1106 960 1201 queis
986 1111 1196 1190 collaudant,

160 1239 274 1288 umen
311 1249 374 1315 pro
411 1225 554 1290 barbara
592 1225 741 1290 lutulaut
781 1225 887 1313 forma
929 1224 1024 1291 libris
1063 1226 1106 1293 ad
1144 1253 1246 1294 unum

160 1337 339 1419 omnibus,
365 1340 462 1407 etiam
486 1341 724 1420 Ambrosiam,
757 1340 793 1406 id
819 1340 987 1432 proditum
1016 1361 1082 1420 est,
1109 1343 1201 1436 quod
1227 1370 1245 1409 a

159 1477 243 1519 vera
268 1456 431 1545 scriptura
457 1458 552 1523 unius
587 1473 712 1523 tantum
739 1455 868 1522 litterae
901 1455 1092 1528 discrimine
1128 1456 1245 1525 distat:

158 1567 319 1640 latitant.
350 1572 393 1639 Et
418 1570 472 1637 hic
498 1571 634 1665 quidem
657 1569 749 1663 quod
765 1571 975 1638 Hermannus
1003 1573 1245 1665 quoqueillud

158 1682 323 1751 latalant·
348 1685 496 1767 sustulit,
534 1686 569 1753 id
595 1688 673 1752 fecit
705 1683 887 1753 catalectici
912 1713 1024 1753 versus
1049 1688 1247 1755 restituendi

157 1824 299 1884 caussa3
338 1803 385 1868 sic
413 1805 501 1868 enim
530 1803 614 1870 haec
640 1826 708 1868 non
736 1800 963 1888 saueleuiter
988 1803 1157 1869 immutata
1183 1830 1247 1869 una

156 1941 241 1986 cum
268 1919 429 2009 proximis
457 1919 689 1986 conformavit:
783 1943 785 1948 ·

265 2029 453 2101 lacrumas
479 2034 563 2100 llaec
589 2031 683 2109 milri,
706 2058 805 2126 quom
832 2033 950 2108 rideo,
983 2027 1145 2109 eliciunt,
1169 2039 1249 2130 quia

552 2229 558 2247 .
759 2175 823 2240 ego
851 2148 899 2213 ad
922 2145 985 2214 lzo'c
1010 2175 1120 2240 genus

264 2261 452 2334 Ho'miuum
476 2261 618 2334 duravi.
643 2239 724 2360 qitiu
746 2271 843 2358 prius
866 2289 918 2330 mc
943 2265 991 2332 ad
1011 2260 1119 2357 pltiris
1143 2290 1249 2359 pauc·
1324 2274 1327 2279 '

761 2375 880 2449 travli'
907 2407 988 2446 nam
1013 2387 1040 2447 ti

268 2493 387 2566 Mo'rcs
419 2492 584 2565 maioru'm
618 2498 831 2564 collaudant:
872 2492 1028 2576 eo'sdcm,
1063 2521 1146 2592 qztos
1176 2499 1250 2563 lau·

757 2613 859 2690 claitt,
885 2615 1008 2680 lictant.
1091 2698 1095 2707 ι
1129 2696 1134 2707 .

164 2731 209 2798 ln
237 2731 359 2823 quibus
384 2756 427 2796 nc
452 2733 517 2824 ipsi
543 2730 681 2824 quidem
707 2757 797 2799 nunc
822 2730 1000 2824 placeres
1035 2706 1286 2804 suessenteuae'
1317 2814 1321 2821 Ι

166 2845 217 2913 tia
243 2843 408 2938 dirempta
430 2864 462 2912 et
479 2847 648 2939 superiori
664 2849 776 2912 versui
798 2844 996 2939 agglutinata
1018 2869 1098 2909 nam
1116 2848 1142 2911 ἰί
1153 2844 1254 2911 verba

165 2960 332 3052 suspicor.
381 2959 456 3027 Nec
480 2963 660 3028 necessitas
685 2960 866 3027 catalectici
892 2985 1004 3026 versus
1031 2957 1197 3026 efficiendi
1218 2961 1254 3024 in

165 3070 237 3143 lioc
262 3073 422 3142 liberiore
446 3094 626 3157 metrorum
652 3101 780 3170 genere
807 3091 897 3140 tanta
933 3098 1005 3141 esse
1032 3072 1184 3154 videtur,
1218 3092 1255 3141 ut

166 3214 240 3259 uon
268 3192 363 3256 etiam
390 3193 425 3257 in
453 3188 635 3258 acatalecto
662 3192 829 3282 acquiesci
856 3190 980 3283 possit,
1016 3186 1152 3281 qualem
1172 3191 1253 3281 ¹sine

165 3302 237 3373 ulla
259 3307 440 3372 mutatione
465 3322 578 3372 nostra
612 3308 729 3400 optimi
762 3304 842 3372 libri
868 3304 1107 3419 Ambr·osipnus.
1139 3322 1172 3373 ct
1197 3284 1254 3373 itc-

165 3438 222 3491 tus
249 3421 431 3489 Camerarii
454 3421 657 3514 prodidere:

186 3608 193 3632 Ι,
248 3528 339 3628 llam
366 3531 399 3603 cl
425 3562 536 3604 mores
560 3535 725 3605 maio'ram
750 3537 914 3602 laudant:
941 3533 1075 3603 eosdem
1100 3537 1254 3619 lutitant,

764 3648 847 3746 queis
873 3651 1080 3719 collaudant.

168 3769 201 3837 A
228 3765 349 3860 quibus
380 3765 488 3865 libris
511 3766 637 3860 reliqui
671 3770 709 3836 iu
729 3768 795 3836 boo
829 3792 893 3835 uno
926 3765 1122 3846 discedunt,
1158 3764 1251 3859 quoti

169 3901 340 3953 extremae
368 3881 453 3951 duae
482 3882 616 3951 voculae
630 3907 713 3975 quos
739 3883 938 3949 collaudant
961 3882 1046 3948 sorte
1071 3872 1253 3947 intercide·

168 4015 262 4067 runt.
289 4001 324 4063 ci
345 4017 453 4065 autem
479 4023 543 4091 pro
570 3996 607 4063 ti
631 3999 703 4089 ipsc
728 3999 972 4145 gutbrtosi'anus
997 3996 1164 4088 praebuit.
1192 3995 1256 4063 Su-

164 4115 363 4213 perioribus
399 4096 550 4181 versibus
585 4113 716 4213 duobus
758 4111 841 4206 quid
875 4113 940 4178 iam
971 4109 1169 4178 ‘faciendum
1203 4112 1255 4190 sit,
1323 4122 1328 4135 ‘

165 4232 292 4299 haeret
320 4228 489 4296 iudicium.
547 4229 585 4294 In
616 4218 774 4320 promptu
805 4246 856 4292 cst
888 4242 1018 4294 servata
1049 4224 1258 4320 reliquorum

167 4344 398 4442 dispositione
422 4346 667 4413 Hermanuiaua
692 4342 861 4413 scribere:
1077 4392 1131 4457 ,ἦ
1159 4370 1163 4379 ·
