2872 4942
193 347 265 417 558
506 371 547 411 rx.
598 369 640 411 ue
668 368 958 413 rurarrutartorse

196 563 274 613 cor,
299 555 413 604 servat
426 535 547 631 fldem·
600 539 693 621 Quae
722 537 826 604 verba
851 561 919 603 non
944 561 985 602 eo
1009 537 1147 620 valent,
1183 561 1214 607 ut
1238 568 1269 605 ex

194 655 348 735 ‹rmnibus
384 653 573 719 Clraruritlis
612 651 825 718 familiaribus
866 651 954 717 solus
998 654 1088 719 lidus
1124 659 1268 723 restitisse

196 766 353 837 Callicles
380 771 500 835 iterum
526 769 674 836 dicatur:
702 794 788 860 quae
815 767 884 859 ipsa
912 768 1038 835 inutilis
1067 773 1111 836 sit
1135 771 1267 838 eiusdem

193 886 379 953 sententiae
410 886 581 976 repetitis,
613 884 675 950 sed
708 882 750 948 ad
773 883 925 949 homines
951 882 1004 948 vel
1033 888 1125 952 cives
1149 889 1268 953 uuiver-

194 1025 246 1068 sos
272 1018 409 1093 spectat,
435 1003 521 1065 inter·
547 1024 641 1092 qrros,
669 1019 704 1066 ut
728 1022 791 1092 pro
811 999 959 1064 moribus
981 999 1119 1080 saeculi,
1147 1020 1268 1095 praeter
1301 1020 1307 1043 ⁸

194 1143 293 1182 unum
322 1115 470 1182 Calliclis
507 1114 695 1207 exemplum
719 1113 820 1180 sidem
848 1139 865 1179 a
890 1115 1025 1179 neruiue
1053 1118 1182 1182 servari
1208 1117 1267 1183 Sta-

192 1237 293 1300 simus
318 1235 487 1324 suspicari
511 1256 546 1295 se
575 1234 633 1296 ait:
659 1255 733 1295 uam
756 1229 798 1295 de
823 1227 1040 1296 familiaribus
1068 1257 1113 1297 ne
1130 1235 1267 1324 suspica·

194 1367 247 1413 tur
274 1346 433 1439 quidem,
466 1344 525 1439 segl
552 1348 633 1424 seit,
657 1345 759 1437 idque
774 1342 874 1435 fidus
896 1349 1025 1411 restitit
1054 1348 1172 1412 verbis
1197 1346 1268 1411 defi·

192 1466 259 1531 nite
287 1463 424 1528 dixerat
463 1463 501 1526 ln
528 1486 638 1528 mores
662 1478 769 1526 autem
797 1458 923 1525 saeculi
947 1458 1142 1552 malamque
1163 1463 1266 1527 cisium

191 1579 294 1645 sidem
320 1597 368 1643 sat
393 1579 516 1644 acriter
543 1576 632 1642 idem
658 1575 715 1641 ille
740 1576 898 1641 Stasimus
915 1577 1160 1667 ipsaproxima
1180 1602 1265 1646 scena

191 1697 341 1761 invectus
366 1710 438 1759 erat
460 1720 489 1759 v.
516 1695 561 1761 ‘25
575 1718 667 1784 sqq.,
689 1691 779 1758 velut
802 1691 852 1757 his
879 1689 1059 1781 exemplis:

291 1809 383 1877 Nam
407 1832 499 1874 narie
523 1831 634 1873 mores
661 1806 761 1873 nihili
774 1810 943 1894 faciunt,
966 1805 1061 1898 quod
1085 1807 1190 1882 lieet,
1213 1809 1269 1871 nisi

624 1993 626 1996 y
788 1920 881 2015 quod
907 1920 1008 1991 lubet.
1034 1956 1085 1971 -

288 2041 408 2133 Neque
434 2042 509 2106 istis
534 2042 712 2131 quicquam
737 2038 814 2128 lege
834 2052 1045 2103 sarretumst:
1072 2037 1172 2129 leges
1195 2040 1269 2104 mori
1306 2094 1308 2117 ,

780 2156 968 2219 serviente
1306 2230 1308 2241 Ι

291 2274 412 2338 Mores
436 2287 550 2336 autem
577 2293 701 2361 rapere
731 2287 924 2360 properant
957 2295 1025 2363 qua
1048 2297 1190 2338 sacrum
1213 2294 1267 2363 qua
1305 2266 1309 2363 l

782 2384 959 2474 publicam.
983 2421 1035 2435 -
1305 2372 1309 2509 ῐ

575 2503 666 2568 Nam
692 2499 730 2565 id
750 2524 860 2591 gertus
885 2501 1058 2568 hominum
1084 2501 1264 2568 hominibus
1307 2522 1309 2533 ·

293 2618 332 2686 V
327 2620 471 2683 niversit
501 2635 552 2682 ast
586 2616 769 2683 advorsum
771 2633 896 2818 *elue
922 2623 1018 2684 omni
1035 2621 1165 2713 populu
1192 2617 1264 2683 male

824 2750 888 2798 eit:

221 2848 226 2859 '
293 2848 410 2915 Male
426 2850 462 2934 f
463 2847 506 2913 id
515 2872 572 2912 em
592 2870 755 2912 servan
765 2845 817 2912 do
845 2849 909 2913 illis
934 2873 1067 2940 quoque
1103 2848 1264 2942 abrogant

785 2966 888 3026 etiam
900 2962 1026 3054 fldem,
1307 3044 1310 3049 Ι

297 3078 365 3167 Qui
390 3074 440 3139 nil
464 3078 585 3139 nteriti.

196 3209 323 3292 Quibus
350 3206 437 3272 adde
465 3205 613 3271 eiusdem
642 3205 774 3271 Stasimi
800 3207 899 3271 verba
928 3206 985 3286 ΙΙΙ,
1015 3213 1046 3288 l,
1074 3211 1207 3303 20sq.:
1305 3054 1310 3337 l

293 3325 443 3390 Nimiam
468 3321 639 3409 difficilest
664 3325 816 3412 reperire
853 3327 1033 3388 amicum
1066 3327 1119 3389 ita
1151 3342 1187 3391 at
1212 3346 1260 3393 tto-
1308 3360 1310 3411 2

787 3461 864 3500 mea
890 3437 990 3517 claet‚·
1308 3414 1310 3419 Ι

1308 3474 1310 3533 Ι

297 3556 389 3644 Quoi
413 3569 507 3618 tuam
532 3575 728 3644 remquam
754 3551 955 3629 tradideris,
980 3556 1058 3631 sii&
1080 3580 1166 3621 cura
1188 3553 1265 3620 omri
1307 3544 1310 3601 l

506 3756 508 3760 Α
788 3667 948 3734 dormias.

268 3791 360 3870 Quae
374 3801 509 3861 restant,
523 3809 589 3849 nun
608 3808 725 3876 magno
742 3788 877 3877 negotio
894 3765 1131 3877 expedientur.
1158 3790 1265 3855 Trans·

194 3903 304 3993 posito
334 3903 422 3967 enim
448 3898 506 3965 illo
533 3925 631 3965 versu
654 3925 739 3992 quae
763 3902 797 3964 in
811 3899 964 3966 Palatinis
979 3921 1164 3994 supersunt
1190 3902 1263 3988 (eum

194 4019 321 4084 Vetere
350 4018 436 4082 enim
462 4016 615 4081 convenit
640 4017 834 4094 Decurtat0‚
860 4016 922 4079 nisi
950 4015 1042 4107 quod
1069 4015 1217 4096 lacunae,
1238 4030 1264 4076 ut

194 4128 227 4196 iu
253 4133 406 4198 continua
432 4131 606 4221 scriptura,
633 4127 761 4193 nullum
788 4127 983 4213 iudieium):
1008 4153 1204 4222 quanquam
1225 4127 1263 4192 la

197 4245 295 4312 bores
322 4247 442 4311 utultos
469 4245 510 4310 ob
538 4271 609 4310 retu
634 4243 751 4309 labore
775 4270 882 4309 meum
905 4270 969 4336 ego
993 4250 1122 4337 cepisse
1150 4265 1263 4316 censeo,

203 4361 244 4429 ad
268 4388 384 4430 eurum
415 4361 665 4429 similitudinem
700 4363 840 4453 propius
869 4387 968 4454 quatu
995 4364 1205 4429 Hermannus
1224 4385 1267 4426 ae·
