2872 4942
537 367 703 410 rumvuur
731 367 927 413 curvarum.
1200 347 1269 418 567

190 560 261 605 non
285 533 408 635 audet,
444 539 505 602 uisi
541 541 626 606 hanc
661 543 766 632 ipsam
793 543 837 607 ob
861 567 1027 621 caussam,
1069 545 1161 636 quod
1189 545 1274 612 clam

190 649 272 729 vult,
300 676 365 717 nou
393 641 500 744 palam
529 653 641 720 dotem
668 655 844 750 depromi?
873 659 1005 726 Vtram
1030 683 1098 725 non
1120 660 1187 727 hoc
1211 686 1274 752 po·

191 768 519 895 tiusMegalonidi
510 789 630 836 lterum
654 771 859 838 audiendum
885 775 935 852 sit,
962 773 1047 841 clam
1074 773 1192 840 dotem
1214 777 1275 841 de-

191 870 465 995 ¹promendam
444 866 525 967 ess'e,
553 912 650 1015 quam
678 880 893 978 quomodo
920 913 982 981 poa
968 888 1124 955 sitclam
1150 889 1276 982 depr-o

192 997 344 1064 misire
366 968 567 1067 iudieadu‘m
605 1001 673 1067 sive
710 1002 995 1094 interrogandum
1056 1008 1165 1097 Atque
1202 1033 1276 1072 cam

167 1110 336 1217 'ipsl'm
328 1137 361 1181 m
388 1134 520 1206 partem
554 1134 620 1186 tam
652 1115 752 1208 plane
780 1135 812 1184 et
837 1136 953 1210 aperte
976 1120 1176 1210 scriptorum
1203 1147 1275 1187 me-

191 1229 300 1297 moria
323 1226 486 1295 librorum
512 1196 612 1311 valet,
645 1250 682 1299 ut
707 1236 892 1324 permirum
917 1206 959 1300 s'it
985 1226 1174 1303 criticorum
1201 1235 1276 1302 nul-

191 1341 265 1408 lum
291 1347 515 1436 perspexisse.
567 1345 622 1413 Sic
650 1348 739 1413 euim
769 1346 875 1433 (certo
900 1348 980 1416 licet
1007 1368 1041 1422 et
1067 1349 1276 1419 confidenter

192 1455 304 1551 loqui)
332 1479 548 1552 quaerentem
572 1462 826 1554 Megaronidem
855 1483 956 1558 poeta
983 1464 1074 1532 fecit:

269 1574 389 1675 Qua·
384 1572 500 1668 -ddcto
525 1601 583 1667 er
569 1601 608 1641 σο
631 1582 739 1667 igitur
760 1576 848 1643 clo'ru
878 1578 941 1645 dos
959 1578 1111 1671 depromi
1106 1573 1271 1671 'potesti

143 1720 145 1727 ·
196 1688 379 1767 dubitem
407 1691 579 1758 Calliclem
602 1692 884 1784 respondentem

143 1783 145 1817 :
299 1809 391 1875 Dum
414 1809 548 1878 occdsia
575 1811 608 1873 ei
628 1812 682 1874 rei
702 1803 738 1873 re'
797 1826 921 1917 tatur,
940 1804 1080 1876 interim

252 1906 365 2105 wi>
376 1917 486 1988 mrzico
507 1922 667 1993 alicunde
692 1918 841 2047 ntdtmrm
862 1920 1048 2016 mgeutrim
1074 1949 1203 2018 rogem

200 2038 267 2111 lllu
324 2059 422 2131 rgltur
462 2065 536 2109 cum
567 2039 650 2106 dicit
683 2010 940 2132 Megaronides:
970 2034 1101 2113 se'tu
1123 2047 1156 2109 ai
1180 2059 1279 2109 tanto

201 2172 295 2222 metu
321 2159 551 2231 excruciaris,
585 2172 622 2223 ut
648 2180 692 2221 no
708 2156 842 2243 fodere
867 2156 1002 2250 quidem
1026 2157 1177 2238 audeas,
1214 2182 1279 2252 qtto

200 2270 345 2343 tandem
372 2269 470 2336 modo
507 2270 544 2341 id
568 2276 674 2363 ipsum
705 2272 797 2362 quod
820 2277 911 2364 cupis
947 2273 1094 2363 efficies,
1127 2290 1164 2342 ut
1194 2274 1281 2343 clam

204 2386 269 2454 dos
290 2385 532 2478 depromatur?
555 2411 623 2453 non
649 2385 738 2467 aliud
766 2390 829 2455 nisi
854 2389 919 2456 hoc
945 2390 1120 2482 significat:
1146 2389 1208 2457 sed
1232 2396 1288 2489 ita·

197 2500 336 2592 quidem
370 2507 508 2567 omm'ao
541 2526 612 2568 uon
642 2507 771 2594 poterit
797 2505 883 2572 clam
908 2503 970 2571 dos
1003 2503 1172 2596 depromi:
1209 2505 1279 2572 eius

150 2630 236 2685 Fut
260 2618 476 2709 interrogatio
499 2642 517 2683 e
538 2617 780 2684 rhetoricarum
803 2619 906 2711 magis
929 2645 1028 2711 quam
1053 2645 1070 2685 e
1097 2618 1281 2713 logicorum

198 2757 328 2825 genere
348 2734 398 2802 sit.
436 2730 633 2824 Respondet
658 2752 767 2818 autem
791 2733 952 2802 Callicles.
974 2735 1010 2803 in
1034 2734 1120 2802 hanc
1145 2752 1282 2800 senteu-

197 2851 299 2918 tiam:
322 2872 386 2913 nec
407 2872 473 2938 ego
494 2871 579 2914 sarae
604 2846 730 2929 liabeo,
756 2853 816 2940 qui
840 2848 924 2918 illud
949 2874 1040 2914 iruna
1063 2853 1181 2916 statim
1194 2847 1285 2940 fieri

195 2987 303 3058 posse
332 2963 467 3040 dicam,
504 2963 568 3029 sed
601 2962 762 3032 idoneam
796 2963 1021 3057 depromendi
1054 2968 1280 3040 occasionem,

198 3102 305 3172 quam
330 3100 401 3144 non
423 3076 622 3165 difirtriram
647 3077 805 3170 confido,
846 3078 1113 3169 exspectandam
1144 3102 1280 3152 censeo,

197 3195 342 3267 interim
367 3209 493 3269 autem,
520 3196 680 3282 qnoniam
705 3210 853 3283 argento
877 3199 1098 3263 cunamaoeime
1125 3193 1285 3285 apocha-

200 3308 328 3386 bemm,
356 3307 459 3380 iduh
486 3309 597 3400 aliquo
624 3313 732 3375 antico
759 3325 908 3378 mutuum
933 3310 1142 3381 currendam.
1187 3310 1282 3388 Nam,
1325 3334 1329 3348 ’

199 3449 247 3494 ue
272 3424 355 3516 quid
381 3450 491 3502 erres,
518 3427 660 3493 mutuari
688 3450 755 3493 uon
781 3424 849 3494 vult
877 3450 938 3505 eo,
965 3445 1000 3491 ut
1022 3428 1198 3517 pecuniam
1222 3426 1286 3489 sibi

199 3542 321 3637 pariat,
348 3566 414 3632 quo
440 3542 597 3606 nimirum
619 3542 693 3606 sine
717 3542 813 3606 amici
839 3542 1006 3609 beneficio
1033 3560 1169 3633 ¹careat3¹
1188 3567 1283 3632 prac-

199 3676 254 3729 sto
292 3673 341 3721 est
379 3659 466 3721 enim
501 3657 571 3748 ipse
607 3655 797 3725 Charmidis
833 3648 1035 3739 thesaurus}
1060 3657 1126 3728 sed·
1154 3653 1283 3751 aliquid

203 3771 527 3839 comminiscendum
555 3760 626 3838 esse
652 3770 824 3862 iutelligit,
853 3771 943 3841 uude
971 3773 1107 3864 petitam
1133 3795 1202 3836 esse
1230 3796 1287 3860 pc·
1352 3756 1356 3765 Ι

204 3886 339 3957 cuniam
367 3884 472 3964 dicat,
507 3909 572 3976 quo
605 3909 669 3950 nec
697 3885 729 3950 iu
757 3886 875 3954 civium
903 3885 1199 3977 reprehensionem
1224 3909 1288 3954 nuc
1319 3865 1322 3871 Ι

199 4004 241 4068 in
261 4001 490 4092 suspicionem
524 3999 703 4070 Les-bonici
728 4001 884 4070 incurrat.
944 3999 1071 4083 Quodsi
1098 3998 1140 4068 de
1167 4023 1225 4064 suo
1253 4025 1294 4070 sc·

204 4114 290 4186 dare
319 4115 361 4180 ob
388 4115 569 4186 amicitiam.
596 4115 698 4205 patris
726 4113 847 4182 dixerit
873 4105 1092 4205 simpliciter„
1115 4111 1185 4180 talis
1213 4114 1287 4204 qui-

203 4230 287 4303 dem
311 4229 493 4297 liberalitas
523 4256 586 4297 nec
621 4227 747 4323 populo
773 4231 899 4320 poterit
930 4255 998 4302 non
1029 4246 1181 4321 suspecta
1213 4254 1290 4299 essc—

203 4345 252 4436 (ν.
279 4344 432 4432 8-15),
466 4371 531 4416 uec
563 4347 627 4444 ipsi
651 4344 857 4414 Lesbonico:
894 4346 953 4416 cui,
970 4344 1150 4416 Lesbonici
1180 4347 1287 4440 suspi-
