2872 4942
471 383 718 431 nosracnaarae
746 370 940 432 mammae.
1170 364 1243 439 489

160 555 290 647 paginis
317 559 507 650 perscripta
538 578 607 640 est,
640 559 811 645 ioeutcdia
841 587 941 628 scena
967 517 1186 654 primasidotuis
1213 560 1246 627 Π

163 696 181 734 a
207 672 326 762 priore
343 673 522 741 ordinandi
543 652 794 768 1=atione,'quae
813 672 902 745 §utet
919 680 1035 744 usitata
1054 703 1139 760 esse,
1166 680 1246 747 inde

159 811 178 848 a
206 811 236 850 v.
263 787 311 856 29
334 790 462 856 subitus
484 792 638 857 transitus
664 791 701 857 fit
726 790 769 856 ad
795 788 1128 883 alteram,·post'tcr
1150 793 1247 862 binos

163 918 276 968 autem
305 927 418 972 versus
444 905 492 970 sic
517 907 724 998 perscriptos

359 1039 410 1108 ⁴29
461 1036 555 1105 Audi
816 1040 864 1108 oo
916 1042 1047 1137 Vnam
1113 1024 1150 1107 4

360 1152 404 1218 31
458 1153 512 1218 Ne
538 1167 575 1216 tu
816 1157 864 1225 32
916 1154 989 1226 Vbi
1012 1155 1101 1220 nihil

361 1267 407 1334 33
457 1268 549 1332 Nam
574 1270 625 1331 ita
819 1267 893 1349 34,
918 1270 1115 1362 Voluptarii

161 1422 298 1466 rursum
321 1397 363 1464 ad
387 1399 534 1490 priorem
561 1398 700 1466 reditur.
751 1403 778 1467 E
804 1402 860 1467 tali
885 1402 984 1496 igitur
1009 1402 1101 1470 fonte
1127 1404 1162 1467 in
1188 1401 1244 1468 illa

162 1515 238 1611 ipsa
264 1512 376 1578 sabula
408 1540 585 1606 perversus
613 1514 696 1583 ordo
730 1541 885 1583 versuum
920 1516 1148 1611 repetendus,
1187 1518 1245 1610 qui

162 1630 349 1711 est11‚2:

362 1749 406 1816 37
459 1746 639 1811 Nummum
815 1745 862 1816 39
912 1745 1002 1812 Nam
1027 1763 1064 1811 tu

361 1859 408 1928 40
459 1859 683 1926 Menaechme
814 1861 862 1929 38
914 1857 1040 1926 Iubeas

360 1975 404 2046 41
426 1985 433 1997 ‘
458 1977 537 2041 Heu
564 1975 676 2040 hercle
707 1991 710 2089 p
812 1973 861 2044 42
912 1976 1009 2044 Solet

362 2088 409 2162 43
465 2092 625 2182 Quamvis
705 2093 710 2183 Ι
812 2087 860 2158 44
915 2091 1008 2183 Quid
1031 2096 1083 2156 ais

163 2243 350 2337 Cognatum
376 2258 485 2306 autem
511 2240 595 2305 illud
620 2222 722 2332 genus
748 2260 807 2322 est,
834 2266 909 2306 cum
934 2267 999 2307 non
1025 2239 1178 2306 bifariam
1192 2238 1245 2305 di-

162 2359 239 2426 visis
267 2358 394 2450 paginis
422 2374 532 2422 tamen
555 2357 626 2421 bini
653 2381 766 2422 versus
790 2374 980 2422 constanter
1006 2357 1148 2422 inunius
1168 2381 1248 2422 con-

163 2477 350 2542 tinuitatem
373 2474 631 2539 contrahuntur:
657 2472 751 2566 quod
779 2497 878 2564 supra
906 2473 1071 2565 attigimus
1097 2499 1130 2565 p.
1156 2473 1247 2544 439:

164 2615 232 2686 quo
268 2590 407 2684 quidem
444 2589 481 2655 fit
514 2608 550 2656 ut
579 2614 697 2682 reapse
731 2587 848 2655 eadem
876 2591 960 2656 ratio
984 2589 1249 2658 ordinandorum

167 2733 324 2774 versuum
348 2704 508 2800 prodeat,
536 2726 635 2799 atque
660 2702 717 2770 illa
741 2723 793 2781 est
815 2732 914 2799 quam
939 2708 1108 2798 posuimus
1134 2725 1249 2800 poste-

162 2827 296 2891 riorem.
355 2825 429 2890 Nee
456 2822 511 2889 hic
538 2821 660 2888 desunt
685 2821 788 2886 mirae
815 2823 1053 2889 inconstantiae
1085 2820 1249 2915 exempla.

165 2939 270 3009 Velut
291 2940 488 3007 Mercatoris
514 2939 557 3019 ΙΙ,
585 2944 602 3006 1
641 2963 716 3005 cum
742 2939 782 3003 ab
810 2938 903 3005 initio
929 2937 1049 3031 singuli
1073 2965 1111 3005 se
1136 2963 1249 3006 versus

169 3057 348 3149 excipiant,
375 3054 456 3122 inde
479 3082 497 3122 a
519 3082 547 3124 v.
574 3056 618 3122 12
644 3053 816 3147 usquead
847 3053 889 3123 19
917 3055 1099 3121 contractio
1123 3054 1160 3120 fit
1184 3039 1254 3120 hu?

164 3172 325 3239 iusmodi:
1178 3246 1181 3251 Ι

267 3295 313 3347 no
326 3276 357 3347 're
371 3295 441 3346 illius
461 3290 546 3363 capr'ti
563 3309 644 3362 opero
656 3301 731 3360 atque
749 3293 861 3369 aduentu
882 3309 978 3363 caprae
1000 3294 1138 3364 Flnpitr'um
1158 3254 1183 3346 di
1200 3295 1251 3348 da·-

401 3447 404 3451 ,
757 3407 843 3440 meum
859 3391 952 3458 secisse
970 3390 1040 3442 haud
1056 3391 1228 3442 mediocriter.

249 3490 253 3495 '
269 3484 341 3537 Dicit
358 3502 465 3556 capram
482 3501 557 3554 qaam
571 3482 692 3537 dederam
719 3485 874 3565 seruandam
892 3485 941 3538 sot
962 3486 1031 3539 Suae
1055 3486 1145 3538 acaria
1171 3486 1253 3538 dotem

533 3584 540 3612 ¹
584 3604 588 3611 ·
759 3580 849 3632 ambae
867 3581 964 3633 dedisse
983 3580 1085 3650 oppido,
1114 3578 1156 3673 ff

169 3699 358 3792 eademque
393 3702 476 3768 ratio
512 3702 642 3769 obtinet
671 3702 752 3770 inde
780 3730 798 3769 a
822 3731 851 3769 v.
878 3703 947 3771 24:
984 3700 1043 3767 sed
1080 3701 1139 3794 qui
1162 3696 1251 3766 ititer

168 3814 230 3882 hos
261 3815 366 3882 medii
393 3834 469 3881 sunt
494 3819 541 3884 ‘20
568 3817 611 3882 ad
638 3819 707 3899 23,
743 3820 851 3884 subito
876 3833 997 3883 mutato
1026 3814 1163 3883 consilio
1188 3815 1251 3882 hac

167 3930 276 3998 forma
304 3932 457 3999 exhibuit
480 3931 654 4002 librariust

165 4070 260 4127 20.22
295 4070 330 4123 ΔΙ
349 4089 388 4124 me
408 4073 508 4126 domum
526 4075 594 4125 tarro
622 4072 657 4125 ad
678 4090 784 4125 acorem
807 4074 941 4125 ducturum
957 4086 1040 4125 meam
1058 4074 1107 4125 Ast
1133 4090 1187 4124 nom
1203 4073 1255 4125 ta-
1278 4064 1313 4127 't

760 4169 819 4220 dere
837 4170 880 4221 cut
899 4170 1101 4220 commendarem
1118 4186 1234 4238 coprem.

164 4281 256 4335 21023
292 4281 376 4349 Atque
396 4284 487 4352 oppido
508 4283 601 4336 hercle
621 4283 682 4335 brae
699 4281 764 4334 aelle
788 4281 829 4332 itta·
854 4283 922 4334 uisus
944 4299 999 4334 rum
1016 4280 1089 4347 Quod
1117 4284 1173 4352 apis
1198 4283 1257 4351 quid
1302 4292 1304 4297 ’

755 4381 867 4446 fecerem
888 4395 953 4432 carro
972 4378 1112 4434 emautur
1132 4380 1218 4432 mirer.
