2872 4942
391 346 411 386 t.
432 344 473 387 os
502 343 617 388 »ωτι
646 344 774 389 roorso
803 346 997 389 uouuusvs.
1210 330 1252 396 17

172 519 249 585 euim
276 516 382 611 longo
417 515 476 583 ille
506 514 684 601 intervallo
715 517 757 582 ab
783 519 856 608 ipss
882 516 990 605 Plauti
1015 506 1255 602 rettudisset,

171 633 278 726 eequis
304 657 346 700 eo
372 632 508 700 demum
535 650 691 724 tempore
717 631 841 699 factum
868 634 930 698 sibi
958 638 1172 727 persuaserit²
1188 662 1255 730 quo

165 752 321 846 bisyllibi
349 754 487 847 genitivi
525 751 616 819 illius
650 777 727 819 usus
760 753 959 820 invaluerit?
1009 756 1124 847 Apage
1157 757 1259 850 igitur

164 868 254 935 istum
291 865 437 959 quidem.
462 866 705 936 defensionem.
755 870 883 936 Verum
915 871 1007 935 enim
1039 896 1120 938 vero
1156 873 1259 967 longe

164 985 279 1076 specie
305 984 440 1076 grauior
460 983 589 1051 Osenni
612 985 759 1076 suspicio
786 1003 850 1066 est,
883 987 941 1078 qui
967 985 1011 1052 de
1029 987 1153 1080 reliqui
1177 1014 1259 1082 pro-

162 1097 230 1191 logi
253 1098 454 1190 antiquititte
480 1097 566 1164 nihil
592 1099 764 1179 dubitans>
800 1119 908 1167 temen
939 1102 1030 1169 hunc
1056 1105 1166 1197 ipsum
1194 1132 1258 1175 uns

163 1238 240 1280 eum
255 1236 314 1302 eo
340 1213 399 1305 qoi
414 1213 591 1305 praeeedit
607 1239 741 1280 versum
766 1213 876 1281 alienu
899 1241 998 1281 manu
1009 1216 1157 1285 adiectos
1176 1245 1260 1287 een-

160 1331 227 1395 suit
264 1352 300 1421 pa
334 1329 404 1396 ttt
435 1328 540 1422 idque
567 1333 666 1397 etiam
692 1329 896 1398 Sverdsioeo
930 1333 1104 1424 persuasit.
1154 1334 1258 1403 Cuius

160 1444 279 1512 iudicii
304 1468 453 1511 caussam
478 1446 565 1513 haue
588 1447 722 1536 hebuit,
762 1445 855 1538 quod
882 1472 947 1513 nec
972 1450 1047 1514 eum
1074 1450 1287 1541 superiori-¹

161 1561 224 1627 hus
250 1584 315 1626 nee
338 1584 414 1628 oum
442 1561 491 1628 eis
517 1587 603 1654 quoe
631 1578 881 1656 consequuntur
911 1561 980 1629 ullo
1005 1562 1056 1628 illi
1081 1567 1259 1632 sententia-

160 1699 237 1741 rum
264 1698 368 1751 nexu.
380 1676 548 1742 contineri
574 1677 632 1742 visi
659 1693 746 1743 sunt.
788 1678 831 1742 Et
856 1678 922 1744 hoe
949 1676 1086 1770 quidem
1113 1681 1175 1747 etsi
1201 1679 1260 1746 ille

159 1790 266 1856 sensit
288 1789 470 1869 verissime,
508 1809 619 1857 tamen
643 1791 782 1856 multum
806 1792 903 1858 obest
926 1810 980 1873 ut,
1019 1819 1106 1885 quoe
1132 1794 1262 1888 reliqua

160 1922 241 1972 sunt
270 1906 306 1969 in
337 1906 399 1971 ista
433 1904 564 1999 prologi
596 1925 691 1998 porte
724 1904 937 1974 incommoda
969 1932 1038 1974 non
1064 1909 1133 1976 ullo
1161 1929 1261 2003 pacto

161 2018 371 2099 tolerabilia,
404 2023 557 2089 'senserit
584 2025 708 2088 omnia.
758 2024 913 2105 „Quorum
939 2026 1170 2118 gravissimum
1195 2027 1263 2092 hoe

161 2152 234 2216 est,
253 2134 361 2228 ,quod
397 2160 535 2229 prorsus
570 2162 639 2204 non
676 2137 804 2205 habent
850 2163 918 2232 quo
946 2139 1138 2207 referantur
1176 2167 1263 2234 quoe

162 2276 192 2316 v.
230 2249 276 2318 18
314 2251 554 2317 subiiciuntur:
601 2253 692 2319 Nam
728 2276 879 2318 amorem
916 2254 1002 2318 llaec
1023 2271 1148 2319 cuncta
1177 2259 1262 2319 vitia
1309 2242 1316 2257 ⁸

161 2370 295 2431 sectari
323 2364 438 2430 solent
476 2375 509 2432 ei
532 2392 564 2459 q.
590 2392 614 2432 s.
662 2368 784 2432 Fateor
827 2368 916 2435 hunc
958 2370 1016 2460 qui
1051 2368 1264 2461 praecedunt

163 2507 213 2548 vv.
240 2482 347 2552 16-et
371 2480 415 2548 17
442 2482 590 2572 pessime
619 2501 818 2572 corruptos:
863 2482 925 2548 sed
958 2482 1049 2548 idem
1075 2485 1144 2549 scio
1168 2481 1262 2550 nullo

164 2594 363 2688 corrigendi
389 2596 442 2664 vel
470 2595 580 2663 studio
606 2596 658 2662 vel
684 2598 823 2664 artifieio
850 2597 897 2663 id·
913 2597 1063 2664 effectum
1091 2600 1145 2678 iri,
1178 2623 1265 2691 quo·

170 2735 252 2776 cum
282 2729 371 2778 recte
408 2714 501 2805 iungi
527 2736 625 2777 narn
661 2712 858 2805 particulam
894 2712 995 2779 dieas.
1048 2707 1154 2781 Immo
1180 2713 1265 2781 hoec

164 2850 256 2918 quoe
284 2826 359 2893 vitis
395 2828 518 2894 omorio
548 2847 786 2894 enumerantur
818 2826 1011 2919 planissime
1045 2844 1187 2920 apparet
1222 2826 1268 2895 ad
1307 2812 1311 2831 ι

164 2939 419 3032 inaspectum,
446 2967 531 3034 quoe
557 2968 574 3006 a
597 2968 626 3010 v.
653 2943 676 3011 3
703 2942 745 3008 ad
772 2970 803 3010 v.
828 2944 853 3012 8
880 2944 1133 3034 pertinuerunt:
1161 2941 1268 3013 Vobis

167 3052 323 3121 narrabo
345 3059 462 3148 potius
487 3080 579 3151 meas
608 3080 700 3120 rzuuc
725 3060 890 3122 miserias.
929 3058 1010 3124 Vt
1001 3083 1035 3121 m
1058 3082 1163 3148 pauco
1190 3079 1267 3123 ors·

167 3170 295 3235 tionem
303 3142 511 3250 conferens,
543 3172 673 3237 initium
709 3188 813 3237 totum
839 3171 937 3237 huius
961 3169 1095 3263 prologi
1121 3193 1268 3262 proepo-
1292 3226 1296 3231 .

166 3301 259 3349 stere
286 3282 459 3350 collocatis
485 3280 634 3352 versibus
661 3282 815 3366 laborat,
852 3308 936 3377 quos
958 3284 1025 3352 hoe
1045 3309 1118 3351 sese
1146 3282 1268 3351 ordine
1350 3256 1359 3273 ι

156 3396 250 3482 olim
281 3398 456 3489 excepisse
486 3424 614 3466 mecum
642 3398 764 3465 erede:

200 3519 218 3579 l
249 3513 348 3577 Duas
373 3534 431 3577 res
454 3500 557 3579 simul
581 3510 674 3579 nuuc
699 3536 806 3602 agere
830 3511 1040 3578 decretumst
1062 3511 1160 3579 milsir

191 3628 218 3694 2
244 3628 297 3691 Et·
316 3644 559 3717 argumentum
585 3644 620 3693 et
646 3651 738 3692 meos
763 3650 898 3692 amores
923 3628 1067 3717 eloquar
1074 3655 1086 3706 ,·

171 3741 218 3809 16
247 3740 332 3831 Etsi·
349 3738 414 3807 too
437 3764 560 3833 parum
587 3740 700 3807 ltersle
726 3765 819 3806 more
846 3745 1012 3807 oratorum
1037 3742 1159 3821 institi,

173 3859 216 3925 17
245 3850 322 3921 Pro
347 3878 423 3919 mea
445 3878 598 3947 persona
623 3871 660 3921 ut
681 3859 746 3921 sim
771 3854 900 3921 advos
926 3852 1034 3920 iodea
1059 3853 1147 3925 ilico.

192 3968 217 4039 9
248 3966 387 4035 Graece
411 3970 497 4036 llaec
523 3987 665 4037 vocatur
689 3970 858 4061 Emportts
882 3951 1110 4035 Philemonis:
1247 3967 1269 4036 5
1319 3994 1322 4000 ·

172 4086 220 4155 to
246 4072 380 4149 Eadem
404 4062 514 4151 latine
541 4088 720 4177 Mercator
742 4086 861 4151 Marci
882 4081 990 4153 Accii.

176 4200 221 4267 1'1
249 4190 437 4287 Pataros}
460 4216 648 4269 mercatum
683 4199 764 4273 ltine
790 4223 853 4265 mo·
868 4223 961 4264 metus
987 4202 1078 4267 arisit
1106 4194 1266 4267 Rhodum
1318 4266 1321 4271 ,

175 4314 223 4391 112
252 4298 454 4398 (Biennium
478 4318 548 4381 iam
564 4318 749 4403 factumst,
780 4329 962 4405 postquam
985 4312 1057 4383 abu·
1072 4311 1216 4392 domos)

376 4426 384 4432 .
587 4451 591 4455 ¹
1042 4428 1064 4495 2
