2872 4942
227 371 299 438 550
532 360 576 434 oi.
626 390 669 433 ne
697 388 990 435 ourssroutrtouu

223 565 281 629 bri
304 567 420 628 omnia
444 565 533 626 item.
566 559 686 626 Eidem
712 587 740 626 v.
758 561 802 630 16
828 559 964 627 turbine
988 558 1143 627 debetur
1163 587 1226 655 pro
1243 580 1300 628 tur-

226 677 343 753 bines,
375 675 466 769 quod
500 678 597 742 etiam
624 676 937 743 in'Ambrosianum
963 677 1136 769 irrepsit,
1175 705 1194 745 e
1229 681 1302 746 cuius

225 793 358 861 schedis
382 793 616 886 superstitibus
642 817 704 857 una
733 792 775 856 ab
798 791 862 857 hac
888 795 960 884 ipsa
976 817 1066 859 voce
1085 795 1219 887 incipit.
1246 793 1302 860 Sed

226 908 346 976 eodem
371 934 469 975 versu
494 909 555 974 etsi
581 909 653 973 sine
682 904 864 975 offensione
892 925 940 973 cst
958 932 1086 973 navem
1108 935 1180 976 una
1194 910 1301 1004 syllaba

223 1026 481 1117 pronuntiatum,
502 1049 569 1090 nou
589 1041 700 1116 potest
720 1048 789 1089 non
811 1022 993 1115 displicere
1014 1046 1221 1092 accentuum
1239 1053 1301 1120 per·

223 1142 331 1206 versio
359 1135 642 1205 circumstabunt:
674 1158 710 1205 ut
734 1158 789 1205 aut
815 1164 935 1206 navem
963 1134 1241 1208 circumstabunt
1258 1159 1299 1208 ant

224 1251 447 1321 circumstant
468 1281 589 1393 effluens
611 1273 769 1348 praestet.
824 1290 868 1302 -
905 1257 957 1323 .V.
988 1262 1032 1329 17
1062 1259 1205 1351 ¹flnctus
1240 1261 1296 1324 siue

222 1398 336 1440 caussa
362 1373 591 1439 Hermannus:
607 1364 805 1465 fluctusfie
831 1397 905 1438 cum
932 1375 1055 1439 ceteris
1069 1375 1197 1440 Ambr.
1221 1377 1297 1442 Men-

222 1513 298 1554 cum
325 1489 453 1580 aliquot
478 1487 615 1581 syllabis
642 1512 774 1552 versum
801 1488 1012 1553 Hermunuus
1049 1487 1138 1557 olim
1175 1493 1210 1555 in
1234 1515 1298 1555 con·

210 1605 362 1693 fregere
387 1616 508 1697 mutato
526 1605 706 1693 frangere
732 1602 918 1695 supplevit:
952 1603 1048 1695 quud
1074 1605 1145 1671 iam
1168 1633 1236 1695 non
1258 1624 1297 1671 tu·

221 1717 353 1783 tebitur.
390 1717 481 1784 Nihil
508 1737 573 1784 tam
599 1736 677 1810 apte
703 1717 744 1783 ab
772 1716 1002 1783 Lindemauno
1028 1743 1094 1808 per
1122 1739 1225 1786 totam
1237 1721 1297 1786 Tri-

222 1859 393 1899 nummum
431 1836 650 1927 excogitatum
687 1859 785 1925 quam
831 1852 905 1898 ante
933 1837 1120 1924 frangere
1155 1838 1296 1902 insertum

214 1953 373 2035 fremere
398 1951 546 2015 verbum.
582 1949 761 2016 Exciderat
786 1950 850 2016 hoc
876 1952 942 2015 ison
966 1951 1000 2012 in
1023 1951 1295 2019 Ambrosianu—

223 2066 264 2133 V.
295 2066 339 2133 18
371 2069 411 2129 ni
441 2083 501 2129 tua
525 2070 678 2157 propitia
707 2090 780 2156 pau
794 2070 899 2152 foret
925 2082 1067 2157 praesto
1101 2069 1240 2148 Ambu,
1270 2068 1296 2130 ni

224 2196 285 2245 tua
307 2204 381 2271 pax
401 2185 552 2272 propitia
567 2185 604 2267 f.
631 2206 687 2273 pr.
711 2183 821 2247 ceteri.
865 2179 1020 2247 Deletum
1046 2183 1090 2247 ab
1119 2183 1294 2250 Hermanno

226 2311 287 2360 tua
317 2297 435 2362 abesse
470 2322 570 2389 posse
605 2322 729 2391 negans
763 2297 1010 2364 Lindemanuus
1045 2303 1169 2366 omisit·
1191 2305 1294 2387 joret:

224 2436 310 2504 quae
336 2413 468 2478 omissio
494 2437 618 2480 vereor
642 2439 684 2477 ne
710 2431 776 2477 tam
801 2438 920 2504 aspera
953 2413 1092 2492 sit,··ut
1119 2440 1165 2482 ne
1190 2415 1295 2497 iulos

225 2526 362 2620 quidem
385 2526 547 2593 liberiore
575 2554 703 2619 genere
730 2529 811 2594 ferri
836 2547 945 2620 queat.
985 2531 1182 2597 Pronomen
1206 2549 1293 2596 antem

225 2642 494 2719 desideraremus
520 2669 598 2709 sane
625 2661 662 2708 ut
688 2644 779 2736 quood
795 2647 955 2724 <maxime
983 2647 1008 2709 si
1024 2647 1243 2713 construendi
1254 2671 1295 2710 ra·

226 2761 271 2824 tio
297 2761 551 2852 sententiaeque
579 2785 681 2824 nexus
710 2762 763 2824 hic
789 2778 890 2826 esset:
913 2764 1202 2851 fi·egissent-,
1226 2767 1293 2828 roos-

226 2892 304 2939 sent
319 2909 383 2950 -,
408 2875 590 2940 scidissent
604 2912 671 2950 -,
699 2881 767 2940 nisi
791 2894 827 2941 tu
851 2900 946 2966 opem
971 2877 1115 2942 tulisses.
1166 2883 1208 2944 Ao
1231 2900 1290 2944 vero

227 2990 285 3054 tali
312 2994 479 3057 enuntiato
503 2992 723 3058 condicionali
748 2993 822 3084 quis
843 3018 987 3085 unquam
1010 2992 1095 3058 vidit
1119 2996 1293 3060 infinitivum

227 3106 422 3172 historicum
448 3106 656 3173 adhibitum?
682 3109 741 3200 qui
766 3132 834 3173 non
861 3088 1018 3174 notabilis
1045 3126 1176 3175 tantum
1202 3114 1246 3188 sit,
1267 3125 1291 3170 ut

228 3219 285 3286 ille
306 3223 360 3299 ait,
388 3222 449 3288 sed
477 3227 575 3288 etiam
600 3224 827 3290 intolerabilis.
879 3226 967 3290 Hinc
991 3227 1093 3318 igitur
1111 3228 1180 3294 hoc
1203 3227 1290 3320 potius

230 3340 483 3404 constructionis
510 3365 614 3432 genus
639 3330 849 3431 coooseduens
879 3367 950 3406 esse
976 3343 1143 3408 arbitror:
1180 3341 1291 3432 Absque

129 3473 132 3481 ’
232 3468 266 3517 te
282 3456 403 3538 foret,
441 3479 492 3518 nte
524 3455 769 3521 distraxissent
794 3473 1026 3547 tempestates:
1055 3458 1176 3543 (tanta
1200 3481 1291 3525 earum

233 3569 464 3644 vehementia,
491 3587 560 3634 tum
586 3573 669 3636 milti
690 3575 916 3664 propinquum
941 3576 1085 3638 exitium
1111 3574 1221 3658 erut:)
1243 3573 1292 3637 nisi

232 3685 284 3750 lu's
306 3685 556 3752 discriminibus
581 3687 720 3752 tandem
742 3688 828 3776 finis
853 3693 1026 3779 impositus
1051 3708 1152 3757 esset.
1208 3688 1290 3758 Vide·

231 3828 304 3866 mus
331 3805 417 3867 enim
440 3803 518 3883 hie,
561 3821 595 3867 ut
625 3806 757 3896 Reisigii
790 3805 901 3870 verbis
927 3823 998 3869 utar
1024 3805 1090 3873 hoc
1117 3834 1219 3899 genus
1240 3804 1291 3871 uni-

232 3920 365 3983 versum
398 3917 494 3985 docte
529 3909 721 3985 illustrantis
757 3922 884 3985 Comm.
913 3923 982 3988 crit
1010 3923 1045 3986 in
1070 3923 1159 3988 Oed.
1185 3922 1251 3991 Col.
1270 3944 1292 4010 p·

153 4051 159 4060 “
234 4034 305 4105 386
322 4060 416 4143 sqq}
439 4037 618 4101 verborum
644 4038 979 4129 comprehensionem
1002 4041 1137 4131 gemina
1167 4038 1292 4107 enuntia-

233 4151 322 4217 tione
356 4153 397 4216 ita
431 4153 644 4232 cumulatam,
681 4172 717 4219 ut
745 4153 902 4219 alterutro
936 4154 1106 4246 loquentis
1138 4160 1241 4222 auimo
1269 4153 1292 4214 lss

235 4268 396 4358 ampliore
420 4274 575 4335 orationis
603 4250 734 4337 aoroloitu-
754 4298 858 4361 paeuc
884 4272 1044 4343 excidisse
1061 4274 1221 4340 videatur.
1245 4275 1294 4338 Ro·

237 4381 362 4475 dundet
388 4381 482 4474 sanci,
507 4391 531 4450 si
560 4391 706 4454 severius
736 4415 821 4479 agas,
847 4392 960 4454 iterata
987 4389 1021 4454 in
1047 4390 1115 4456 fine
1144 4390 1295 4459 condicio-

130 4474 353 4549 ,.d'5·
