2872 4942
157 328 234 402 444
383 358 451 400 vin.
478 357 520 398 nr
544 358 691 400 rvnasro
715 356 886 400 scenam
911 354 1036 400 ornum

161 531 196 593 in
220 530 352 624 reliqua
394 534 618 599 Romanorum
653 530 828 599 comoedia
861 550 930 598 tum
963 532 998 596 iu
1036 531 1104 598 hac
1138 527 1230 597 sabula

162 644 316 711 vestibuli
339 672 416 712 usus
444 665 496 713 est
524 665 559 713 et
582 646 648 712 late
673 665 808 739 patens:
837 671 937 739 quem
956 648 983 711 si
998 670 1069 714 non
1086 648 1162 713 satis
1177 647 1232 711 ani-

162 761 355 844 madvertas,
382 788 480 856 saepe
505 763 560 829 fiat
584 782 619 830 ut
644 765 712 829 sive
739 781 860 855 poetae
878 762 1056 829 artificium
1080 765 1150 828 sive
1168 787 1233 829 cou-

164 877 235 943 siiia
261 904 481 970 personarum
508 905 624 971 parum
652 879 850 971 perspicias.
902 876 1004 944 Velut
1031 877 1126 971 quod
1150 880 1233 944 Most

164 994 206 1069 11,
236 999 251 1060 1
280 994 317 1058 fit
343 995 546 1073 convivium,
582 992 617 1058 id
645 1021 719 1059 eum
746 1017 813 1059 non
837 995 872 1057 iu
896 991 1038 1059 aedibus
1065 993 1164 1072 fieri,
1187 989 1235 1056 sed

163 1126 241 1173 aute
268 1108 369 1174 aedes
391 1137 439 1175 vv.
467 1105 524 1176 47.
551 1111 607 1176 50.
623 1110 753 1178 5458.
778 1110 825 1177 78
848 1107 1001 1187 doceant,
1031 1109 1088 1173 ubi
1115 1107 1235 1173 taudem

162 1224 225 1288 nisi
242 1225 277 1287 iu
303 1223 466 1290 vestibulo
484 1224 602 1289 haberi
628 1223 863 1316 cogitabisi-
875 1221 1003 1305 Quodsi
1016 1225 1131 1316 pergis
1149 1248 1237 1315 quae·

164 1335 284 1417 nendo,
315 1364 374 1405 eur
400 1338 480 1404 illuc
501 1340 556 1404 isti
581 1364 617 1405 se
645 1337 767 1404 servoli
796 1339 1001 1429 receperint,
1029 1341 1108 1403 satis
1131 1338 1234 1404 hoeeo

166 1478 262 1519 versu
287 1454 500 1545 significatur,
527 1455 585 1545 qui
612 1453 745 1519 ultimus
769 1472 819 1519 est
844 1471 918 1519 aute
945 1454 1002 1532 lv,
1015 1457 1048 1533 Q,
1061 1450 1129 1522 24:
1151 1469 1234 1518 cauto

165 1592 247 1660 opus
274 1585 344 1643 est,
377 1593 421 1632 ne
446 1568 511 1633 huc
536 1585 642 1632 exeat
666 1572 724 1660 qui
750 1567 837 1632 male
863 1593 916 1632 me
942 1567 1075 1632 mulcet.
1136 1571 1233 1659 'Pergo

165 1684 264 1774 igitur
289 1707 349 1748 suo
376 1685 559 1749 Phaniscus
585 1684 715 1779 meruit:
743 1681 835 1775 quod
863 1684 919 1774 qui
947 1701 1059 1775 potest
1083 1685 1119 1748 in
1145 1699 1234 1749 tutum

168 1799 290 1863 certius
328 1801 483 1890 recipere
518 1825 618 1891 quam
643 1797 763 1888 angulo
790 1797 929 1890 aliquo,
967 1800 1001 1864 in
1035 1823 1103 1891 quo
1136 1797 1233 1875 latitet,

167 1914 355 2003 occupato?
405 1917 459 1979 An
482 1939 579 1988 vero,
619 1917 697 2007 qui,
725 1914 807 2007 quid
833 1938 904 1980 mos
929 1915 1103 1981 comodiae
1129 1915 1235 2008 flagitet

165 2046 197 2094 et
223 2048 376 2096 constans
404 2030 510 2096 Plauti
538 2030 760 2110 consuetudo,
787 2031 1008 2123 perspexerit,
1034 2030 1119 2096 illud
1145 2033 1235 2122 ipsum

166 2143 292 2211 latendi
319 2146 491 2213 consilium
517 2145 632 2213 credat
660 2146 879 2239 significatum
906 2147 1017 2239 potius
1044 2175 1063 2213 a
1087 2147 1232 2214 Phanisco

169 2286 241 2328 esse
270 2288 370 2354 quam
396 2260 504 2354 planis
533 2263 642 2328 verbis
671 2263 899 2329 enuntiatum?
958 2262 1057 2346 Quod
1085 2288 1158 2329 cum
1177 2260 1233 2326 fieri

169 2378 316 2468 potuisse
345 2377 553 2444 confidenter
578 2402 675 2470 nego,
702 2397 770 2444 tum
793 2379 890 2444 huius
909 2377 1233 2445 confidentiaehabeo

171 2491 261 2559 unde
288 2494 508 2560 certissimum
531 2494 775 2560 firmamentum
788 2514 910 2587 petam.
961 2497 1114 2589 Namque
1128 2487 1233 2586 aliquid

170 2628 250 2701 post
276 2635 331 2687 ea,
370 2635 455 2701 quae
479 2608 594 2689 attuli,
630 2612 734 2676 verba
766 2611 930 2678 excidisse
955 2612 1021 2676 iam
1048 2615 1090 2677 ita
1118 2610 1233 2676 demon-

171 2725 293 2802 strabo,
319 2743 355 2789 ut
379 2749 517 2815 prorsus
542 2727 661 2790 omissa
691 2725 733 2791 de
759 2753 931 2793 scenarum
958 2726 1079 2794 ordine
1099 2723 1230 2792 actionis·

173 2864 238 2931 que
264 2841 447 2904 rationibus
474 2843 667 2932 quaestione
684 2844 837 2909 Phanisci
860 2833 1049 2910 orationem
1066 2861 1229 2912 extremam,

174 2953 278 3045 qualis
306 2954 440 3021 tandem
466 2958 634 3047 sitperse
658 2976 816 3050 spectata,
841 2961 1013 3026 excutiam.
1066 2961 1124 3025 Est
1144 2974 1227 3022 auten

174 3069 261 3135 illius
290 3071 323 3134 in
348 3073 472 3139 Vetere
499 3071 617 3137 codice
644 3074 725 3138 inde
749 3101 766 3138 a
793 3076 850 3152 IV,
878 3075 970 3154 219
997 3075 1082 3141 haec
1107 3073 1226 3166 species:

270 3188 367 3251 Heus
394 3193 506 3281 ecquis
531 3187 586 3252 lu'c
612 3207 663 3254 est
686 3195 867 3256 mimimam
890 3194 949 3283 qui
972 3191 1025 3256 his
1051 3194 1200 3256 iniuriam

272 3303 417 3369 Foribus
439 3303 634 3392 defendat?
667 3307 803 3398 hecquo
829 3292 941 3400 ecquis
967 3307 1032 3372 huc
1057 3312 1128 3373 exit
1151 3318 1226 3394 atque

671 3425 807 3517 aperit?

272 3536 380 3602 Nemo
408 3537 488 3604 hinc
516 3540 649 3631 quidem
664 3600 670 3614 ,
676 3546 785 3629 joras
825 3544 905 3605 exit.
941 3557 978 3604 ut
1010 3565 1083 3605 esse
1113 3535 1227 3603 addecet

670 3683 816 3750 nequam
841 3657 994 3721 homines
1020 3660 1071 3722 ita
1096 3670 1177 3722 sunt.

277 3765 349 3834 Sed
374 3794 413 3834 eo
441 3776 550 3862 magis
576 3791 675 3839 corito
712 3791 763 3839 est
789 3798 871 3865 opus
905 3774 959 3839 Ne
984 3772 1049 3838 hue
1075 3786 1170 3838 exeat
1191 3758 1232 3855 qui

669 3889 756 3953 orale
784 3913 834 3953 me
861 3888 991 3952 mulcet.

181 4003 329 4082 Quorum
355 4003 533 4070 nemodum
560 4008 615 4098 qui
644 4009 772 4072 numeri
808 4024 917 4072 essent
943 4032 1016 4072 cum
1045 4005 1151 4098 aliqua
1173 4018 1231 4094 pr0‘

180 4116 350 4183 habilitate
379 4119 520 4186 definire
547 4125 664 4213 potuit.
719 4126 789 4189 Nec
816 4123 887 4186 fieri
915 4122 978 4187 hoc
1006 4124 1098 4212 prius
1125 4110 1230 4212 poterii

182 4258 279 4320 quarn
305 4233 443 4302 lacunae
461 4238 598 4305 alicuius
627 4238 742 4304 sedem
760 4239 965 4330 indagaveris
984 4241 1162 4304 sententiae
1180 4221 1232 4322 qui·

184 4344 261 4412 dem
294 4351 371 4418 vitio
407 4353 498 4421 nullo
533 4354 705 4422 indicatae.
754 4354 865 4420 Nulla
900 4373 969 4420 arne
1009 4354 1112 4420 nilum
1140 4348 1232 4443 opinor

1095 4604 1112 4645 ἱ
