2872 4942
538 156 557 191 ἢ

256 328 328 403 528
569 357 613 399 tx.
665 358 708 398 na
737 338 1027 399 turanrottrtorta

354 525 427 597 Sed
447 533 479 595 si
501 522 570 615 [td]
598 523 787 601 dlienaucr,
800 523 967 621 pictunut
986 523 1031 591 de
1057 519 1146 592 cotto
1169 543 1259 592 meo:

255 660 289 710 et
314 643 372 724 lV,
399 645 433 722 2,
462 645 547 710 115:

317 802 323 813 ·
351 753 443 828 Mitt
467 755 534 846 [id]
560 753 842 835 concrederetne,
868 759 909 824 ni
933 781 986 823 me
1012 751 1128 822 illesic
1152 777 1220 848 ego
1243 757 1321 824 illan

845 900 980 941 nossem
1004 872 1180 965 dpprobe?

255 1009 323 1082 quo
350 1012 450 1058 versu
475 990 579 1079 multu
606 994 714 1062 minue
748 993 904 1061 videmur
937 1002 982 1057 n'e
1015 966 1180 1084 particula
1206 991 1320 1059 anobis

238 1104 386 1186 ¹addita,
425 1130 524 1198 qnam
550 1125 629 1199 poet
661 1113 700 1174 ni
723 1108 853 1177 adiecta
876 1109 918 1174 ab
943 1108 1202 1178 Hermannoet
1226 1105 1320 1174 rocus

254 1246 372 1323 carere
407 1247 522 1315 posse3
567 1249 759 1317 quanquam
792 1227 834 1291 ab
873 1241 1075 1293 accentuum
1121 1224 1318 1318 congruentia

206 1380 212 1391 ·
251 1337 345 1407 baud
371 1341 439 1405 scio
463 1365 504 1404 an
527 1341 623 1407 etiam
645 1360 796 1433 praestet
820 1342 905 1409 baec
928 1364 1045 1407 versus
1071 1339 1198 1406 forma:

352 1449 479 1527 Mihin'
504 1453 750 1533 concrederet,
784 1462 823 1523 ni
846 1451 898 1521 me
924 1455 981 1521 itte
1006 1472 1041 1521 et
1063 1450 1131 1547 eigo
1158 1455 1251 1522 num
1265 1474 1317 1518 'ne

513 1579 527 1587 ”
851 1577 971 1639 vissem
994 1569 1157 1664 dpprobe.

253 1684 460 1754 Additicium
486 1688 514 1752 is
538 1686 644 1754 habes
669 1689 806 1755 fortasse
828 1691 926 1755 etiam
953 1687 995 1767 ΙΙ,
1021 1692 1056 1769 3,
1084 1695 1127 1761 7²

353 1799 445 1870 Suue'
466 1808 638 1870 senectuti
663 1801 724 1893 [is]
751 1803 923 1871 deriorem
947 1799 1090 1870 hiemem
1112 1822 1236 1896 parat:

253 1918 286 1987 e‘t
310 1921 502 2013 prologiav.
527 1920 549 1990 9
576 1922 617 1987 ab
646 1922 839 1989 Hermanno
863 1920 1001 2014 quidem
1028 1923 1077 1986 sic
1104 1920 1249 2012 scripto:

355 2038 443 2104 Tum
468 2039 516 2102 mi
540 2035 633 2102 lru'nc
655 2040 683 2102 is
705 2061 779 2102 esse
804 2035 953 2127 guaitam
975 2036 1081 2103 voluit
1104 2029 1284 2128 ‘Inopiam

198 2220 205 2249 ;
255 2179 273 2218 a
300 2152 416 2221 Plauto
444 2169 570 2234 tamen,
593 2154 656 2218 nisi
681 2151 836 2232 fallimur,
862 2156 906 2219 ita
932 2155 1068 2246 potius:

355 2270 441 2337 Tum
468 2266 573 2335 illa'nc
595 2269 678 2335 milti
702 2293 775 2334 esse
799 2267 947 2360 gnsitem
974 2266 1078 2335 voluit
1097 2263 1273 2359 'Inopiurn

349 2385 417 2453 Sed
444 2387 520 2452 satis
548 2385 592 2452 de
620 2386 670 2451 his
698 2383 842 2452 dietum:
869 2383 913 2452 ad
938 2409 1023 2479 quae
1049 2385 1211 2450 invitante
1239 2405 1315 2449 occa-

248 2503 344 2569 sione
382 2526 443 2568 nos
473 2503 583 2594 abripi
620 2502 709 2593 passi
743 2527 854 2567 sumus
888 2501 1180 2592 intemperantius.
1239 2491 1315 2579 Quod

250 2620 337 2684 enirn
364 2619 420 2725 lpc
445 2620 569 2710 agitur,
598 2618 662 2685 hoc
689 2636 747 2697 est,
776 2636 812 2683 ut
838 2617 880 2683 de
906 2645 934 2684 v·
961 2615 1008 2688 ‘26
1034 2634 1204 2684 statuatur.
1251 2615 1314 2679 Eun

252 2737 299 2801 sic
325 2728 486 2826 scriptum
513 2733 591 2799 libri
615 2733 656 2800 ad
683 2761 784 2800 unum
813 2759 929 2801 omnes
956 2735 1135 2801 exhibent:
1222 2809 1224 2813 ἲ

327 2880 330 2885 ·
358 2852 437 2940 Qua
461 2854 647 2941 sponsione
667 2875 843 2943 pronuper
869 2868 904 2915 tu
930 2867 1073 2916 exactus
1098 2877 1145 2917 es.

251 2963 441 3030 Inauditum
474 2990 640 3058 sanaeque
672 2967 809 3032 rationis
848 2966 949 3058 plane
985 2991 1106 3058 expers
1143 2961 1310 3036 vocabulum

148 3173 151 3179 =
247 3104 423 3175 pronuper
447 3100 482 3146 ut
509 3080 642 3147 tolleret
665 3080 835 3149 Acidalius
872 3083 1100 3173 proponebat,
1138 3108 1207 3178 qua
1237 3072 1308 3154 sinui,

255 3200 289 3263 in
318 3221 401 3290 quus
435 3215 576 3263 mutato:
608 3197 702 3287 Quas
723 3201 908 3288 sponsione
922 3220 986 3289 pro
1013 3221 1123 3290 nuper
1146 3216 1183 3263 tu
1200 3207 1307 3263 euectus

252 3339 309 3390 es,
350 3312 453 3404 idque
485 3314 621 3378 Bothius
647 3315 778 3404 recepit
803 3338 1020 3380 numerorum
1048 3313 1307 3380 emendandorun

253 3455 366 3497 caussa
390 3431 437 3495 sic
466 3429 576 3492 verbis
603 3430 828 3520 transpositis:
869 3430 964 3518 Quas
998 3424 1185 3520 sponsione
1207 3421 1306 3522 pro'u

250 3562 396 3612 exortus
423 3537 532 3635 nu'per
553 3567 608 3608 es:
642 3569 743 3636 prava
772 3563 912 3637 uterque
939 3569 1002 3612 nec
1029 3543 1099 3613 ullo
1126 3565 1229 3638 pacto
1248 3538 1308 3608 tole·

248 3661 348 3729 rabili
376 3657 596 3726 collocatione
624 3660 892 3751 praepositionis.
952 3661 1039 3751 Ergo
1078 3660 1143 3726 hac
1179 3657 1309 3725 audacter
1351 3702 1355 3753 Ι.

193 3786 199 3795 ’
249 3776 385 3870 expulsa
412 3777 452 3841 ab
481 3775 570 3840 hiatu
596 3774 648 3839 sic
672 3777 998 3841 cavitHermannus:
1030 3777 1127 3865 Quas
1151 3773 1308 3869 sponsione
1353 3758 1355 3769 ¹

251 3888 360 3985 nuper
385 3909 421 3957 tu
449 3892 510 3956 illa
536 3888 679 3955 exortus
705 3915 748 3954 es.
800 3892 843 3954 Et
867 3890 952 3956 illud
978 3891 1135 3984 quidem,
1162 3917 1243 3986 quas
1265 3907 1309 3952 nte

245 4034 310 4100 per
335 4023 477 4073 exactus
503 4031 561 4086 es,
591 4005 674 4098 quid
693 4007 757 4070 sibi
784 4006 862 4071 velit
889 4024 923 4072 et
949 4032 1013 4099 qua
1039 4011 1168 4076 ratione
1196 4009 1311 4077 dicatur,

249 4126 435 4219 perspicio:
460 4121 518 4186 sed
546 4120 636 4186 idem
659 4120 827 4186 adiectum
847 4127 1031 4213 sponsione
1047 4124 1228 4194 ablativum
1248 4128 1312 4191 scire

248 4228 412 4332 perirelirn
439 4236 610 4328 quomodo
638 4239 711 4329 quis
737 4240 998 4328 interpretetur,
1036 4266 1139 4332 quem
1176 4245 1227 4308 rix
1251 4258 1316 4334 puto

250 4355 389 4445 abipso
425 4379 514 4420 nunc
541 4353 732 4420 Hermanno
760 4352 912 4419 defendi.
963 4355 1035 4424 Nec
1069 4361 1195 4426 rectius
1229 4380 1319 4452 gram-
