2872 4942
176 350 248 425 344
407 380 439 423 v.
465 320 643 425 ac-Jacrra
668 375 839 420 rnruvmu
865 376 1033 421 rsurorn.

270 553 366 625 Haec
405 552 508 644 igitur
540 551 577 616 in
606 566 657 616 sat
689 548 838 618 diversas
879 567 993 642 partes
1019 547 1204 644 diopetata
1231 551 1256 617 si

169 667 285 762 paullo
312 669 496 737 accumtins
520 665 724 760 perpendas,
748 664 848 733 facile
875 666 1060 759 perspicias
1084 679 1204 760 magna
1220 692 1257 734 ex

171 802 268 878 parte
303 783 357 850 rel
390 784 545 877 ambigua
577 808 651 850 esse
683 781 740 850 vel
765 782 883 862 exilia,
913 800 1014 876 atque
1050 785 1189 853 omnino
1219 785 1260 851 ita

106 972 126 1016 ,
173 906 371 1013 commta,
397 916 445 980 ut,
470 899 535 965 nisi
555 922 643 991 qnae
667 923 806 990 prorsus
831 900 1033 978 reiectanea,
1055 899 1261 991 gravioribus

173 1017 377 1109 argumentis
413 1013 651 1118 confirmandis
683 1038 753 1081 non
780 1013 999 1082 incommode
1030 1013 1261 1093 adhibeantur,

173 1149 290 1224 suapte
326 1132 357 1198 vi
390 1128 609 1197 discernendi
640 1130 872 1197 necessitatem
903 1155 974 1198 non
998 1131 1168 1198 habeaut'
1206 1130 1261 1195 Rei

172 1271 333 1313 summam
359 1263 500 1338 apparet
523 1247 560 1310 in
585 1243 747 1338 Syrorum
766 1246 1081 1337 Campanorumque
1094 1247 1261 1315 mentione

171 1363 264 1441 verti,
291 1352 390 1454 quiam
412 1359 603 1428 carendum
630 1379 745 1427 estne
772 1363 808 1426 in
832 1376 987 1428 neutram
1011 1378 1148 1453 partem
1171 1363 1260 1453 cupit

173 1478 248 1544 dius
274 1479 511 1569 interpretare.
559 1478 606 1544 Vt
629 1478 732 1570 igitur
755 1475 870 1543 libere·
891 1477 1079 1558 fateamur,'
1109 1502 1181 1546 non
1207 1495 1260 1547 ert

172 1611 286 1661 nostra
312 1595 475 1661 sententia
487 1592 786 1662 Windischmauni
800 1575 1042 1686 argumentatio
1058 1621 1079 1660 a
1093 1620 1259 1688 quoquam
1279 1636 1282 1644 >

172 1734 254 1776 uere
275 1709 428 1776 refutata.
454 1712 539 1778 Nam
562 1711 713 1802 'primum
734 1709 829 1803 quod
850 1708 911 1787 ¹illc
936 1709 1100 1802 Syrorum
1117 1729 1155 1777 et
1169 1736 1257 1778 asum

174 1843 208 1892 et
239 1825 392 1891 notitiam
423 1826 649 1918 antiquiorem
687 1851 762 1892 esse
794 1824 888 1892 bello
924 1826 1128 1894 Antiochino
1170 1826 1256 1909 dixit,

173 1966 252 2009 vere
268 1940 377 2007 -dixic
402 1967 523 2034 parum
543 1941 641 2025 dixit,
670 1942 761 2035 qnod
787 1945 823 2007 in
847 1967 912 2007 una
937 1943 1129 2010 Mercatore
1153 1961 1256 2011 extare

175 2055 294 2124 servile
316 2082 442 2127 nomen
466 2056 551 2124 illud
577 2060 717 2138 monuit,
741 2083 842 2150 quam
866 2056 1005 2150 quidem
1026 2057 1175 2126 fabulam
1197 2083 1256 2127 non

175 2188 254 2238 ante
276 2199 303 2238 a
320 2174 391 2244 557
419 2175 579 2266 scriptam
606 2197 679 2240 esse
705 2172 892 2266 probabilis
918 2172 1163 2268 oetLadewigii
1184 2199 1255 2244 con·

175 2288 300 2355 iectura
339 2290 376 2355 in
415 2290 676 2358 Zimmcrmanni
710 2289 802 2355 Diar.
831 2307 897 2356 ant
929 2289 1015 2356 stud.
1042 2317 1073 2356 a.
1101 2295 1191 2364 1841
1225 2317 1254 2385 p·

179 2404 283 2474 1085.
310 2403 514 2471 Pseudolum
533 2423 627 2472 recte
645 2406 709 2470 iam
737 2403 860 2471 adiecit
883 2403 1068 2472 Naudctus:
1095 2404 1256 2500 ubi-quoti

176 2543 246 2585 non
279 2546 396 2586 verum
428 2545 553 2589 nomen
588 2520 698 2612 Syrus
724 2538 789 2601 est,
825 2519 889 2587 sed
922 2520 1108 2588 simulatum
1140 2541 1256 2590 tantum

178 2661 196 2700 a
221 2635 409 2719 Pseudolo,
438 2636 473 2702 id
500 2636 570 2704 noli
593 2636 747 2721 Maudeto
772 2637 914 2704 credere
938 2640 1117 2731 quicquam
1144 2640 1179 2706 iu
1201 2639 1256 2705 hac

178 2775 290 2817 caussa
315 2751 454 2821 referre.
504 2756 609 2846 Atqui
633 2752 840 2820 Pseudolum
874 2756 994 2820 scimus
1028 2754 1151 2821 eodem
1179 2777 1257 2821 anuo

178 2884 300 2945 actam,
340 2891 408 2958 quo
431 2865 515 2933 illud
543 2887 744 2961 coeptum
771 2887 821 2934 est
843 2869 988 2949 bellurn,
1023 2871 1056 2934 h.
1081 2897 1112 2937 e.
1139 2899 1167 2938 a.
1192 2869 1257 2939 562

177 2983 214 3049 Ρ.
232 2981 393 3051 Cornelio
408 2978 567 3075 Scipione
590 2987 646 3051 Μ’.
664 2983 773 3051 Acilio
788 2983 969 3052 Glabrione
984 2985 1077 3052 Coss.
1100 2985 1143 3071 *),
1171 3003 1258 3080 quat·

178 3114 255 3164 tuor
279 3100 373 3164 aunis
398 3119 474 3166 unte
500 3102 712 3166 terminatum
738 3103 784 3167 M.
813 3101 947 3168 Valerio
970 3102 1128 3169 Messalla
1154 3101 1256 3170 (3.1ιί-

178 3216 231 3280 vio
270 3213 455 3282 Salinatore
489 3217 585 3288 Coss
614 3213 655 3307 (a.
681 3215 780 3301 565.)
831 3217 949 3284 Nullus
985 3220 1018 3283 in
1053 3219 1116 3286 hac
1151 3236 1254 3286 caussa

172 3329 381 3396 ¹Bacchitlum
408 3358 507 3414 usus,
544 3337 577 3399 iu
604 3359 670 3425 qua
696 3335 755 3399 etsi
782 3358 856 3399 cum
881 3330 1159 3401 Parmenonibus
1184 3332 1257 3427 Syri

180 3466 481 3513 commemorentur·
505 3447 560 3528 lV,
588 3449 622 3529 4,
648 3446 681 3526 ll,
709 3466 820 3514 tamen
844 3448 930 3515 hauc
956 3448 1098 3540 quidem
1119 3446 1255 3514 fabulam

176 3579 254 3656 post
280 3589 307 3626 a.
335 3560 406 3630 564
432 3563 566 3634 demum
595 3565 713 3631 factam
739 3589 812 3660 esse
847 3566 923 3630 satis
949 3563 1030 3630 alibi
1056 3543 1254 3631 demonstra·

176 3694 247 3749 tum
273 3695 329 3750 est.
373 3682 443 3749 Nec
471 3678 575 3749 dubio
604 3699 733 3751 utemur
759 3681 866 3750 Stichi
892 3680 1048 3774 exemplo
1074 3674 1253 3761 111‚1,t9:

183 3868 403 3878 ——.-.-..---—

280 3960 349 4005 tcure
367 3953 398 4003 de
415 3953 444 4004 lo
460 3956 577 4007 naucella
595 3958 759 4023 ciuilisata'ou,
779 3962 796 4009 ὠ
813 3959 840 4009 lo
860 3959 921 4010 tutte
937 3954 981 4010 dor
997 3959 1077 4010 tribus
1095 3962 1219 4027 rectique:
1233 3959 1252 4004 tl

281 4038 324 4088 des
343 4039 473 4092 habitante
491 4043 522 4093 de
538 4043 566 4094 lo
582 4045 651 4095 cille.
694 4047 765 4097 Cette
790 4047 851 4098 lutto
877 4063 910 4097 ue
928 4062 1075 4112 comurrapc
1093 4050 1210 4117 qu’opre‘s
1224 4043 1252 4093 M

277 4141 382 4189 querres
402 4128 432 4179 de
451 4129 478 4180 lu
497 4132 578 4182 Gre'ce
597 4142 620 4183 et
640 4133 671 4183 de
688 4133 775 4184 Frisie.
797 4168 799 4172 -

213 4206 254 4273 l)
278 4209 367 4287 taque
389 4216 456 4282 quod
475 4232 526 4268 non
555 4228 615 4270 ante
632 4236 661 4288 a.
680 4222 731 4274 562
759 4222 931 4278 Trinummum
960 4239 1019 4273 esse
1047 4230 1130 4272 actam
1149 4222 1250 4272 Ritterus

279 4294 358 4360 dixit,
385 4306 480 4358 rectius
508 4306 584 4357 etiam
607 4307 706 4364 videtur
733 4309 920 4383 eliquanto
938 4318 1015 4384 pest
1033 4325 1057 4366 a·
1076 4309 1128 4368 562
1146 4309 1196 4368 (lici
1215 4320 1258 4379 1¹9·

276 4381 366 4443 tuisse
