2872 4942
402 361 656 406 nosrenniarae
685 361 879 405 riavrrnie.
1117 334 1189 408 455

141 535 249 628 liquos
274 560 393 602 scenae
418 537 558 627 primae,
585 534 647 602 sed
670 537 842 616 creticum,
868 537 944 602 satis
974 562 1048 602 eum
1076 555 1108 602 ει
1123 535 1191 602 1εηί

159 653 250 717 certa
277 650 512 718 emendatione
548 653 596 718 sie
623 651 756 744 pridem
788 654 829 717 ab
866 653 1059 719 Hermanno
1083 652 1190 719 Elem.

141 784 209 833 retr.
232 785 331 832 metr.
358 793 391 860 p.
420 771 489 836 217
517 768 721 832 restitutum:

196 906 259 949 ΤΗ.
286 869 352 950 Eia
378 878 542 973 mastigia
567 882 615 947 ad
645 878 696 948 rire'
726 882 811 948 redi.
852 905 908 949 Tn.
936 887 1004 948 iam
1022 879 1097 949 isti
1120 909 1189 950 ero.

142 1000 201 1090 qui
226 1000 306 1064 bine
328 998 476 1094 relegato
504 997 645 1066 molesto
669 997 832 1066 versiculo
866 999 923 1090 qui
951 999 1087 1065 tandem
1113 1002 1190 1067 satis

141 1130 221 1179 eunt
247 1115 392 1207 contigui
420 1139 535 1180 versun
565 1116 611 1182 70
640 1133 673 1180 ει
700 1114 767 1186 72?
829 1113 912 1178 Nam
937 1133 1013 1205 post
1040 1113 1188 1181 danistae

141 1228 199 1292 rba
232 1232 315 1321 quin
341 1252 413 1295 non
441 1245 522 1320 peto
555 1253 694 1320 prorsus
724 1246 863 1320 praeter
905 1231 1189 1319 exspectationem

141 1369 175 1409 re
199 1346 326 1411 Tranio
362 1345 522 1410 molestus
549 1370 593 1409 ne
617 1349 664 1409 sis
686 1344 802 1410 infert:
840 1343 974 1436 quando
1010 1347 1067 1437 qui
1105 1347 1189 1435 petit

146 1461 229 1538 tius,
264 1486 364 1553 qnam
391 1461 538 1553 quinon
564 1462 667 1552 petit,
712 1459 896 1531 molestiam
919 1461 1064 1527 exhibet
1115 1460 1188 1527 Nec

145 1574 441 1642 cincommodum
478 1574 546 1641 ullo
582 1575 683 1642 modo
718 1574 944 1666 probabiliter
968 1576 1007 1642 iis
1034 1593 1187 1669 transpo-

141 1691 201 1756 ndi
235 1692 396 1758 machinis
430 1690 484 1758 vel
516 1693 653 1759 Pistoris
691 1690 742 1757 vel
779 1691 888 1758 Bothii
925 1690 1089 1757 sublatum
1127 1710 1185 1775 est,

144 1833 180 1873 as
205 1832 345 1900 prorsus
372 1826 557 1874 evertemus
585 1831 656 1898 cap.
689 1807 749 1888 ΙΙΙ,
774 1806 803 1892 §.
830 1802 863 1873 4.
931 1809 1055 1874 Contra
1087 1833 1188 1907 pye-

141 1947 188 1989 u·o
211 1922 331 1989 auxilio
360 1921 470 1989 codex
494 1923 733 1988 Ambrosianus
759 1939 892 2014 praesto
921 1942 988 2001 est,
1022 1924 1187 2016 integrum

144 2055 174 2104 st
185 2041 231 2108 70
245 2063 380 2106 versum
395 2036 557 2104 excidisse
576 2054 772 2118 monstrans,
796 2039 888 2103 cuius
903 2037 1013 2104 lacera
1035 2040 1187 2104 membra

199 2201 479 2221 .........
505 2153 1184 2223 U.......FAENUS.....U

584 2268 987 2340 ...U....MIHI

142 2384 212 2452 scio
239 2411 281 2450 an
306 2404 398 2452 recte
424 2385 458 2450 in
481 2385 546 2452 hoc
573 2408 694 2477 eorpus
723 2383 911 2476 colligam:

191 2500 459 2568 ‘Reddurtdumst
474 2502 629 2586 faenus,
656 2503 794 2586 faenus
820 2498 1068 2584 reddundumst
1094 2503 1184 2569 ntr‘lti.

141 2642 232 2682 ‚enus
264 2618 371 2697 enim,
403 2641 472 2682 non
507 2635 697 2711 sortenffise
730 2634 849 2708 petere
879 2616 975 2683 etiam
1013 2640 1052 2682 eo
1079 2643 1185 2698 versu,

142 2733 153 2796 i
185 2758 276 2798 nunc
309 2751 358 2800 est
389 2729 452 2811 64,
480 2708 642 2797 inculcat:
701 2712 758 2799 rie.
792 2731 929 2798 Sortem
954 2736 1078 2824 accipe.
1128 2757 1186 2800 nA.

142 2872 196 2912 mo
217 2851 359 2934 faenus,
387 2847 424 2913 id
446 2851 591 2939 primum
616 2847 701 2918 vole.
740 2845 873 2912 Sortem
897 2866 1006 2913 autem
1026 2873 1084 2914 cur
1100 2850 1185 2913 Tra-

141 2965 363 3056 Jpromittat,
399 2989 518 3056 purum
552 2961 704 3054 expediit
726 2964 981 3029 Taubmannus:
1013 2964 1115 3030 immo
1150 2964 1185 3029 id

141 3104 154 3143 e
177 3081 388 3171 promittens
414 3077 457 3144 ad
480 3069 574 3170 duod
599 3076 787 3168 parandum
807 3077 1012 3168 aliquantum
1025 3081 1184 3170 temporis

141 3197 285 3260 cessario
310 3192 578 3273 concedendum,
604 3217 732 3260 moram
758 3191 869 3259 dedita
890 3219 995 3285 opera
1020 3196 1123 3260 nectit
1141 3197 1185 3261 si·

142 3358 145 3366 Ι
200 3382 270 3433 thius
288 3385 410 3450 scripsit:
440 3384 535 3452 Perpin
554 3391 581 3434 tu
601 3390 686 3433 autem
702 3384 732 3433 ia
749 3383 818 3434 hunc
835 3382 942 3451 superbe
965 3381 1108 3433 invehere?
1135 3382 1184 3432 du-

198 3477 303 3545 pliciter
321 3478 423 3546 quidem
441 3477 538 3546 lapsus.
584 3478 648 3530 Nam
675 3486 701 3529 et
719 3480 747 3529 in
766 3479 834 3529 bunc
855 3487 894 3530 est
915 3493 961 3528 cur
980 3477 1030 3528 hoe
1051 3477 1110 3528 loco
1128 3495 1186 3530 me-

198 3575 249 3627 rito
264 3574 401 3642 displiceat
417 3589 464 3641 pro
483 3591 523 3626 me
544 3574 673 3641 positnm=
690 3573 797 3625 multum
814 3574 881 3624 euim
902 3573 987 3625 differt
1005 3587 1185 3640 praegressum

198 3671 268 3722 hunc
287 3688 388 3722 senem:
408 3678 434 3721 et
451 3669 583 3721 soloecum
606 3677 646 3720 est
663 3685 693 3720 ae
714 3671 771 3721 eine
790 3668 908 3736 exemplo
923 3668 1044 3720 iurabere
1064 3670 1183 3721 activum.

198 3765 303 3817 Duabus
325 3765 463 3829 litterulis,
487 3780 553 3832 quae
572 3765 727 3829 exciderint,
744 3765 877 3816 revocatis
897 3779 996 3817 mecum
1016 3763 1114 3813 scribe:

232 3861 327 3928 Pe'rpin
347 3870 374 3912 tu
391 3860 507 3912 atttem?·
518 3860 626 3934 [arbirio
642 3861 748 3929 superbe
767 3858 907 3913 invidere?
928 3875 951 3909 ε.
973 3873 997 3928 q.
1014 3875 1034 3908 s.

197 3954 274 4008 Nulla
294 3964 378 4007 antem
399 3963 521 4006 accentus
540 3955 649 4005 oiiensio
668 3956 695 4004 in
723 3970 850 4006 concursu
867 3955 941 4004 trium
962 3953 1077 4003 brevium
1100 3951 1184 4018 sylle-

197 4049 286 4101 barum
305 4050 413 4116 Casii,
431 4051 457 4114 3,
480 4048 524 4101 14:

232 4153 287 4229 Eid
304 4195 362 4228 mea
379 4179 444 4230 luno
461 4181 513 4229 no'n
535 4178 605 4228 decet
625 4185 677 4227 tum
696 4180 793 4227 tristem
815 4185 838 4226 ιε
856 4193 911 4226 esse
928 4178 968 4226 turi
990 4176 1062 4226 loci:

194 4272 250 4342 (vel
272 4280 296 4324 te
316 4276 368 4324 te'm
385 4275 481 4325 tristem
500 4290 561 4337 esse,
579 4272 622 4322 vel
640 4286 697 4321 curn
718 4270 810 4351 buthir
829 4289 882 4323 esse
902 4275 925 4322 ιε’
945 4271 997 4322 tuae
1010 4271 1107 4321 tristem
1116 4276 1131 4320 ι.
1144 4269 1178 4319 Ι..·

196 4383 254 4420 nam
274 4367 393 4420 inlibris
411 4378 452 4421 est
471 4377 494 4421 ιε
512 4386 565 4422 esse
584 4376 637 4420 tam
655 4369 774 4431 tristem).

734 4444 741 4471 Ι

1265 4482 1347 4652 Ι
