2872 4942
462 344 712 393 nosrntctmsu
740 343 933 390 rntvrintn.
1163 318 1232 391 441

145 520 235 587 illud
263 544 399 612 quoque
425 521 523 587 facile
549 468 866 619 demonstribimus
889 547 959 589 non
979 524 1125 615 potuisse
1142 525 1235 615 prio-

144 663 226 703 rem
249 625 377 728 partein
405 662 524 703 scenae
548 641 571 705 ‘2
599 656 660 704 act.
686 638 733 700 IV
759 663 828 706 non
852 638 1047 705 collocatam
1075 665 1146 705 esse
1162 657 1236 704 ante

144 738 270 831 111',3.
328 752 411 816 Nam
448 779 521 818 cum
560 754 743 845 scripturae
779 779 893 819 versus
929 753 1238 842 (non'necessario

143 869 231 932 item
260 865 434 952 metricos)
461 867 610 958 singulae
639 867 764 934 codicis
788 867 876 934 illius
909 872 1144 979 Pjgiss89,.³i¹¹e
1172 848 1238 934 ulla

150 985 358 1074 exceptione
392 982 595 1077 undeviginti
629 1002 788 1063 teneant,
825 972 1034 1077 consequens
1060 1005 1120 1071 dest
1144 1002 1180 1050 ut
1204 987 1238 1049 in

145 1099 289 1167 schedis
320 1099 341 1163 k
375 1098 446 1165 etl
480 1101 662 1191 perscripti
698 1101 823 1166 fuerint
858 1127 915 1166 sex
953 1111 998 1168 et‘
1019 1100 1237 1194 septuaginta.

147 1217 283 1300 Quibus
312 1217 368 1280 ubi
389 1215 563 1294 addideris
588 1214 662 1282 illos
681 1215 898 1311 undeviginti,
926 1242 1074 1309 quorum
1094 1219 1152 1309 qui
1165 1217 1239 1283 finis

148 1334 195 1398 sit
230 1333 265 1396 in
306 1332 556 1423 corruptissima
589 1332 708 1423 pagiua
744 1331 844 1398 altera
876 1331 1022 1398 schedae
1040 1333 1064 1399 J
1088 1331 1240 1424 dignosci

148 1449 284 1539 nequit,
311 1447 451 1511 habebis
478 1450 656 1538 nonaginta
682 1449 841 1540 quinque.
881 1450 918 1512 In
937 1474 1037 1541 quem
1063 1472 1240 1515 numerum

151 1564 234 1627 satis
263 1563 416 1628 convenit
443 1587 600 1626 versuum
628 1588 753 1627 summa
781 1588 906 1642 eorum,
931 1588 1015 1657 quos
1036 1587 1147 1629 evero
1166 1585 1240 1629 sce-

151 1704 274 1744 narum
301 1676 420 1744 ordine
444 1678 510 1742 hoc
538 1680 795 1769 computaveris:
1142 1660 1147 1669 Ι

358 1795 398 1857 ab
426 1794 485 1872 III,
518 1796 550 1871 ΕΙ,
578 1791 646 1860 156
671 1792 713 1858 ad
744 1799 812 1863 170
863 1820 975 1861 versus
1006 1795 1048 1861 15
1075 1790 1082 1815 '

357 1911 397 1974 ab
425 1910 482 1988 iv,
513 1915 542 1988 1,
573 1914 589 1975 t
616 1909 658 1975 ar
685 1914 729 1980 st
781 1894 782 1897 ‘
1000 1911 1047 1981 29

155 2024 323 2118 nulloque
351 2024 526 2092 intervallo

357 2145 398 2207 ab
424 2143 481 2221 IV,
508 2145 539 2219 Q,
568 2150 582 2209 1
614 2140 656 2206 ad
682 2142 728 2210 ‘23
999 2146 1045 2212 23

338 2246 400 2323 'ab
429 2260 487 2338 III,
506 2261 539 2337 3,
566 2263 582 2324 l
612 2257 654 2323 ad
682 2257 725 2325 19
999 2261 1042 2325 ΙΙΙ

1000 2418 1048 2484 88

160 2531 344 2599 Sciendum
373 2551 421 2598 est
448 2536 536 2599 enim
563 2533 651 2617 inter
679 2529 824 2622 singulas
845 2555 961 2598 scenas
976 2533 1011 2597 iu
1026 2533 1245 2599 Ambrosiano

160 2651 321 2714 binorum
354 2651 479 2741 ubique
513 2674 668 2714 versuum
701 2649 803 2738 spatia
839 2647 1066 2728 intercedere,
1104 2674 1247 2740 quorum

163 2764 304 2830 alterum
330 2791 469 2831 vacuum
495 2782 553 2843 est,
580 2789 801 2856 personarum
823 2765 956 2831 nomina
983 2782 1073 2830 tenet
1097 2764 1246 2830 alterum.

145 2879 295 2964 *Quodsi
318 2881 379 2945 bac
405 2881 533 2945 ratione
561 2879 677 2946 deesse
701 2899 830 2972 septem
847 2906 958 2947 versus
973 2880 1137 2960 videntur,
1165 2905 1248 2973 quos

168 2995 331 3062 excidisse
366 2998 400 3062 in
428 2996 585 3062 Palatinis
619 2999 810 3089 ceterisque
842 2995 1014 3064 codicibus
1043 2996 1249 3063 credendum

166 3113 215 3192 sit,
244 3129 280 3176 ut
304 3113 387 3178 ratio
416 3115 589 3179 conveniat
613 3131 743 3179 nostra:
770 3113 874 3178 habet
897 3111 1033 3206 quidem
1059 3108 1246 3205 hoc'geuus

166 3226 391 3294 concludendi
419 3230 649 3296 necessitatem
676 3231 710 3294 in
728 3230 877 3295 iambicis
895 3231 1042 3310 senariis,
1068 3231 1101 3294 in
1130 3232 1250 3321 quihus

166 3346 382 3411 metricorum
414 3371 565 3411 versuum
598 3371 776 3412 numerum
806 3371 977 3437 nunquam
1011 3370 1080 3412 non
1105 3363 1251 3439 aequant

170 3461 355 3551 scripturae
383 3485 519 3542 versus,
555 3486 624 3530 non
658 3462 760 3528 babet
790 3464 825 3527 in
852 3462 1027 3529 trochaicis
1065 3463 1250 3554 ceterisque

169 3577 377 3654 tetrametris‚
406 3595 440 3641 ut
467 3578 525 3670 qui
552 3603 665 3643 versus
692 3597 835 3670 propter
861 3580 993 3644 nimiam
1007 3576 1249 3670 longitudinem

169 3715 236 3756 non
263 3717 338 3758 raro
369 3694 455 3759 binis
488 3696 672 3787 scripturae
704 3697 854 3762 versibus
890 3694 1099 3761 Ambrosiaui
1125 3692 1250 3760 codicis

166 3805 304 3876 librario
330 3808 546 3903 dispesccudi
574 3812 705 3878 fuerint.

667 4046 696 4132 s.
725 4047 755 4112 a.

246 4245 381 4336 Ergone
407 4224 482 4310 saiis
511 4269 598 4308 minc
622 4243 732 4307 omnia
757 4229 912 4334 expedita
930 4243 1170 4336 suntuullique
1188 4244 1250 4308 iam

172 4359 373 4451 dubitationi
399 4359 567 4426 obnoxia?
618 4362 692 4426 Nou
718 4361 761 4423 ita
786 4383 876 4426 vero.
922 4360 1097 4428 Remotum
1113 4377 1252 4426 estsane

1291 1562 1308 1609 ὓ.

1311 4514 1429 4652 Ἠ

1316 4632 1322 4643 Ι
