2872 4942
366 303 374 317 ⁸
416 334 437 376 1.
464 334 507 375 os
537 332 653 376 sturm
680 333 807 375 rossus
833 331 1022 377 noutntrrs.
1207 309 1250 377 19

186 501 226 570 Sic
245 504 339 598 plena
365 530 440 571 csse
467 523 549 598 puto
577 505 696 572 omnia.
722 502 840 569 Prodit
864 504 899 569 in
926 502 1059 573 scenam
1086 528 1152 568 non
1171 528 1253 595 pro·

178 623 235 710 prio
258 623 374 688 habitu
398 622 574 715 Prologus,
600 620 660 687 sed
687 619 866 712 prologum
894 637 1045 687 oraturus
1078 620 1254 697 Charinus,

115 748 119 783 t
177 733 384 829 duplicesque
415 761 449 801 se
484 753 596 828 partes
629 754 854 803 sustenturum
879 734 1078 826 profitetur,
1113 760 1254 826 quarum

171 849 284 917 alterae
310 849 356 916 sd
378 869 608 944 argumentum
635 850 778 930 fabulae,
813 849 859 915 od
884 874 977 915 suam
1003 850 1106 940 ipsius
1136 849 1257 917 condi-

169 964 445 1033 cionemvalterae
467 967 667 1058 pertineant.
714 963 755 1031 Id
781 966 890 1057 ipsum
930 981 967 1029 ut
991 967 1130 1032 strictim
1158 991 1258 1033 exeu-

165 1101 224 1160 set,
251 1100 542 1174 praetermorem
569 1104 648 1146 sane
675 1080 749 1145 fieri
768 1080 838 1160 ait,
871 1078 984 1171 quod,
1011 1081 1064 1146 cui
1090 1105 1179 1146 nunc
1202 1104 1258 1147 so-

162 1198 224 1266 lius
250 1199 387 1293 prologi
414 1222 562 1291 persone
589 1200 630 1265 sit
651 1197 791 1290 agenda,
818 1195 915 1263 simul
944 1214 977 1262 et
1002 1196 1109 1262 statim
1134 1196 1175 1263 ab
1194 1197 1260 1263 ini·

160 1317 205 1381 tio
233 1314 348 1401 (ilico,
380 1339 448 1380 non
484 1315 518 1377 in
544 1315 653 1405 prima
683 1312 821 1380 demum
854 1336 952 1379 scena
978 1312 1083 1403 ipsius
1110 1310 1258 1397 fabulae)

159 1454 225 1521 pro
263 1456 324 1495 sua
357 1428 497 1495 Charini
530 1452 676 1521 persono
713 1426 796 1513 (non
827 1450 891 1519 pro
931 1450 1077 1518 persona
1109 1423 1260 1519 prologi)

162 1571 282 1612 earnm
303 1571 428 1627 rerum,
456 1569 537 1637 quos
565 1545 651 1610 scire
673 1545 814 1625 intersit,
836 1540 997 1609 indicium
1015 1544 1261 1637 spectatoribus

162 1659 270 1727 saciat.
325 1662 398 1745 Quo
425 1659 460 1722 in
486 1684 611 1751 genere
650 1660 727 1751 quis
753 1683 821 1725 nou
848 1660 1040 1727 Chremetis
1063 1661 1262 1727 Terentiani

160 1777 365 1855 meminerit,
393 1776 485 1840 cuius
511 1776 612 1840 verba
638 1775 672 1839 in
699 1772 832 1865 prologi
856 1775 1024 1866 principio
1061 1778 1186 1866 posita:

236 1890 294 1959 Ne
317 1894 373 1955 cui
396 1895 442 1954 sit
469 1905 617 1956 rostrum
643 1893 777 1963 mirum,
805 1914 867 1954 cur
890 1895 1003 1981 partis
1029 1897 1107 1958 seni

238 2006 354 2071 Poeta
377 2002 528 2079 dederit,
549 2028 638 2096 quae
663 2019 745 2067 strrzt
769 2002 1057 2070 adulescentium:

238 2119 289 2188 Id
306 2123 454 2213 primum
479 2117 602 2200 dicam,
628 2116 754 2183 deinde
779 2117 872 2210 quod
897 2125 976 2185 reni
999 2121 1161 2213 eloquar.
1176 2169 1205 2186 ..

165 2235 231 2305 etsi
259 2259 329 2319 non
365 2252 442 2299 sunt
473 2235 564 2300 omni
602 2259 642 2300 ex
673 2254 769 2325 parte
806 2237 914 2325 perh,
942 2253 1052 2300 tomen
1078 2239 1159 2302 item
1185 2235 1266 2304 illuc

166 2368 333 2444 spectare,
359 2364 396 2415 ut
416 2349 457 2414 ab
472 2346 553 2430 aliis,
580 2373 649 2415 nou
675 2351 717 2414 ah
743 2351 920 2429 actoribus,
945 2351 1002 2440 qui
1025 2352 1126 2440 primi
1143 2353 1178 2416 iu
1193 2377 1268 2419 sce·

168 2490 245 2531 nam
274 2464 448 2542 venirent,
487 2463 572 2529 soliti
599 2463 725 2530 suerint
750 2464 959 2555 pronuntiari
990 2461 1132 2556 prologi,
1168 2490 1272 2557 praes

170 2578 265 2657 clera
290 2575 433 2645 Bentleii
469 2576 695 2669 disputatione
722 2580 798 2642 satis
824 2576 1025 2667 patefactum
1062 2597 1120 2643 est„
1171 2577 1269 2646 Illam

173 2693 280 2784 igitur
303 2692 437 2757 Charini
463 2693 707 2758 excusationem
739 2688 1010 2758 commodissime
1038 2692 1109 2782 ipsa
1135 2694 1270 2760 nomino

173 2830 254 2874 eum
287 2802 405 2891 latinae
441 2824 510 2871 tum
546 2830 685 2899 graecae
718 2805 851 2871 fabulae
885 2829 949 2869 una
978 2830 1053 2871 cum
1076 2807 1269 2875 nominibus

169 2936 352 3013 poetarum
378 2920 559 3010 excipiunt.
611 2922 700 2986 Tum
735 2921 845 2987 brevis
872 2920 908 2985 fit
933 2923 1120 3011 argumenti
1143 2921 1270 3014 siguifi-

172 3034 275 3100 catio:
313 3030 407 3123 quod
434 3048 611 3123 antequam
634 3035 770 3098 uherins
797 3034 993 3123 exponitur,
1036 3033 1270 3102 benevolentis

172 3145 382 3213 audientium
401 3144 600 3236 imploratur
622 3164 654 3213 et
680 3166 714 3212 ut
733 3172 808 3213 cum
829 3146 960 3213 silentio
982 3147 1093 3215 adsint
1111 3167 1269 3216 consueto

170 3285 267 3328 more
292 3262 429 3351 petitur.
453 3260 521 3324 Iam
546 3278 701 3352 tanquam
727 3284 814 3327 novo
838 3261 933 3327 initio
959 3279 1089 3353 sumpto
1107 3261 1271 3355 digressio
1369 3298 1373 3307 ·

172 3373 211 3437 lit
240 3370 530 3465 quaedam‚·quae
556 3375 592 3437 in
616 3373 744 3439 damnis
772 3391 805 3440 et
826 3372 1048 3441 incommodis
1072 3375 1194 3443 auroris
1209 3373 1272 3443 de·

173 3484 367 3552 scribendis
392 3510 462 3552 non
487 3487 558 3553 sine
585 3487 786 3581 loquacitate
813 3507 973 3555 versatur.
1011 3488 1154 3567 Prorsus
1181 3491 1272 3557 enim

285 3714 424 3780 vulgatur:
447 3714 515 3778 Quos
531 3712 577 3782 poi
595 3730 641 3781 eqo
661 3712 736 3765 credo
756 3714 882 3767 humanas
899 3716 1080 3781 querimonias.
1109 3715 1203 3767 Vetus:
1222 3714 1272 3766 ins-

281 3802 368 3853 ssassis
386 3801 569 3868 quermoniae,
586 3799 680 3869 reliqui
699 3803 803 3868 scripti:
823 3803 942 3853 hamonis
961 3802 1132 3868 querimoniis.
1171 3799 1201 3852 lu
1220 3816 1273 3869 quo

282 3902 346 3939 nom
365 3886 428 3955 quid
442 3886 522 3937 lateat
540 3886 708 3951 reconditius,
725 3888 837 3939 viderint
854 3887 907 3939 alii.
920 3916 956 3931 ·-
972 3887 1050 3938 Nolui
1065 3899 1275 3952 commemorare,

282 3988 392 4041 quotum
409 3970 497 4031 nullus
515 3971 557 4023 hic
574 3988 652 4036 usus;
672 3975 718 4025 sed
736 3982 822 4025 temen
839 3988 914 4042 quero
924 3982 978 4024 nost
991 3974 1024 4023 sit
1037 3972 1194 4039 parcendum
1208 3988 1274 4026 cou-

280 4060 398 4111 iecturse
417 4061 444 4111 in
462 4058 512 4109 hoc
534 4059 653 4127 prologo,
670 4059 732 4111 talio
751 4068 861 4129 urguent
880 4058 967 4128 quella
985 4065 1044 4110 suut
1062 4060 1088 4110 in
1107 4059 1205 4126 optimo
1226 4073 1276 4111 co-

281 4143 341 4195 diee
360 4134 455 4213 decere
473 4134 530 4199 nest
550 4160 596 4210 pro
616 4146 767 4197 decretumst
792 4161 818 4198 v.
839 4148 869 4207 l,
890 4138 1147 4216 milesiashussrrof
1158 4158 1205 4213 pto
1222 4146 1273 4197 mi.

281 4232 367 4283 sessos
385 4241 500 4285 most
518 4247 545 4285 v.
566 4233 606 4296 13,
624 4232 794 4299 taces-equid
811 4230 883 4283 stelin
899 4230 1027 4296 nolintque
1049 4245 1103 4283 uon
1127 4228 1209 4285 istm
1227 4243 1274 4298 pto

178 4304 222 4371 „*·-·.
283 4317 458 4384 tantitatem
476 4317 537 4384 quid
552 4316 634 4369 saliat
657 4318 717 4382 quid
733 4333 786 4367 uos
803 4316 930 4387 setium.
954 4315 993 4370 16.
