2872 4942
215 331 288 407 m
624 364 680 410 vn.
705 363 749 405 na
771 360 888 405 aeteri

213 530 282 598 Vbi
307 535 375 596 iam
399 531 535 598 accessit
559 557 578 598 e
603 532 728 619 Vsque
756 528 875 598 codiee
898 529 1098 597 Camerarii.
1159 529 1287 599 illoram

213 646 315 737 igitur
339 671 489 713 versuum
512 645 614 713 fidem
640 647 929 741 operaepretium
954 664 1005 712 est
1021 645 1151 728 andire,
1177 649 1289 741 quibus

213 762 412 853 argumentis
435 761 588 828 Osaunus
615 763 825 854 impugnarit.
880 759 984 850 Quod
1008 761 1291 831 Ciceroniana

213 876 283 942 Pis.
310 880 356 947 25
387 876 431 941 de
457 901 548 944 vana
569 877 805 970 triumphandi
824 875 1011 969 eupiditate
1035 893 1071 943 et
1092 877 1212 944 studio
1236 879 1290 945 de·

212 991 359 1056 clamare
384 993 488 1069 licet,
514 1017 586 1060 non
612 993 701 1060 idem
725 1018 749 1057 a
771 990 898 1063 Plauto
924 992 996 1059 diei
1015 1009 1183 1084 poterat,
1206 999 1292 1061 euim

212 1112 361 1175 aeratam
387 1113 443 1175 vix
464 1110 542 1201 plus
565 1133 666 1202 quam
692 1109 759 1175 duo
792 1107 970 1200 triumphi,
1012 1109 1105 1175 alter
1138 1106 1294 1179 Marcelli

211 1248 242 1289 a.
275 1226 316 1294 V·
345 1224 381 1292 C.
415 1226 511 1300 531,
548 1227 640 1291 alter
671 1222 713 1293 P.
753 1224 926 1316 Scipionis
955 1221 1125 1311 Africani
1157 1250 1194 1291 a.
1228 1224 1293 1296 549

212 1335 329 1426 [immo
357 1338 444 1428 552]
466 1345 680 1433 attigeram,-
704 1366 769 1433 quo
793 1359 943 1432 tempore
966 1344 998 1406 si
1008 1341 1158 1410 Plautus
1181 1345 1295 1408 trium-

207 1455 343 1549 pluendi
365 1481 492 1535 morem
517 1474 554 1522 ut
576 1458 816 1550 pervulgatum
840 1473 874 1523 et
904 1460 1023 1522 tritum
1040 1460 1292 1548 propnravuset

211 1566 457 1646 deridendam,
494 1596 567 1637 non
591 1589 708 1665 posset
737 1597 810 1638 non
839 1576 975 1663 ineptus
1001 1570 1120 1642 videri.
1172 1571 1234 1640 Ad
1254 1595 1294 1637 ea

210 1689 326 1776 potius
342 1703 497 1778 tempora
508 1683 693 1754 Plautinus
713 1689 805 1754 locus
820 1702 966 1778 spectat,
993 1685 1052 1752 abi
1061 1684 1295 1780 triumphandi

200 1805 376 1896 frequens
401 1827 480 1868 usus
504 1806 542 1868 in
568 1803 709 1869 abusum
733 1819 893 1872 verterat.
945 1805 1038 1886 Quae
1066 1803 1125 1868 ubi
1150 1810 1293 1896 primum

209 1917 373 2010 legebam,
397 1915 603 2011 aliquamdiu
628 1920 728 1984 animi
754 1919 979 2011 perturbatos,
1004 1942 1083 1985 mox
1107 1917 1203 1986 velut
1222 1918 1291 1986 lon-

145 2036 147 2040 ’
210 2033 352 2125 ginquae
376 2034 555 2101 memoriae
577 2034 816 2102 recordatione
843 2032 887 2100 de
914 2033 997 2099 Livii
1023 2034 1059 2099 in
1083 2033 1152 2100 hoe
1171 2057 1290 2126 genere

211 2147 382 2240 diligentia
414 2147 601 2218 admonitus
637 2150 738 2242 coepi
764 2135 1011 2242 triumphorum
1044 2147 1201 2241 exempla
1231 2150 1292 2215 eir-

210 2264 429 2357 cumspicere,
454 2254 589 2358 reperta
612 2265 808 2358 disponere,
831 2265 1093 2358 conquisitorum
1118 2288 1289 2331 numerum

212 2398 424 2472 computare,
456 2406 531 2447 eum
564 2378 661 2448 lectis
684 2380 887 2474 relectisque
914 2379 1040 2447 Osauni
1064 2381 1179 2446 verbis
1205 2402 1289 2448 eom·

209 2521 367 2588 pararez·
388 2513 559 2587 postremo
593 2497 648 2564 vix
680 2497 762 2561 mibi
788 2495 860 2588 ipse
891 2520 959 2563 non
991 2494 1149 2561 diffidens
1188 2472 1289 2563 'temen

212 2609 354 2677 credere
380 2636 452 2678 sum
480 2631 635 2692 coaetus,
678 2611 771 2705 quod
804 2615 971 2704 persuasit
1002 2611 1179 2679 oculorum
1203 2609 1289 2677 fides.

211 2727 347 2820 Quippe
375 2731 522 2822 quinque
548 2729 590 2793 ab
617 2729 700 2794 urbe
729 2727 861 2793 condita
888 2726 1039 2806 saeculis,
1065 2726 1093 2792 si
1116 2752 1159 2792 ne
1181 2749 1288 2819 regum

214 2841 348 2935 quidem
377 2863 528 2936 tempora
555 2845 858 2938 praetermittimus,
885 2843 1123 2935 triumphatum
1145 2858 1195 2908 est
1220 2865 1287 2907 cen·

214 2957 276 3022 ties
313 2959 414 3024 vicies
452 2960 591 3051 septieS,
632 2961 674 3024 ab
709 2960 802 3025 initio
838 2977 947 3024 autem
978 2959 1062 3024 sexti
1097 2957 1221 3024 saeculi
1251 2951 1287 3020 ad

213 3090 354 3167 morth
379 3076 488 3141 Macci
501 3075 618 3156 Plauti,
645 3101 729 3167 quae
756 3072 878 3140 accidit
902 3100 929 3138 a.
939 3071 1011 3142 569
1028 3072 1187 3164 Capitol„
1214 3093 1286 3164 qua-

215 3185 347 3279 dragies
373 3189 444 3269 bis,
483 3191 548 3257 hoc
578 3210 639 3257 est
671 3188 932 3282 quadragies
965 3206 1144 3281 praeter
1175 3188 1284 3253 bina·

214 3303 323 3368 rium
359 3331 575 3372 numerum
610 3307 795 3384 Osanni‚
835 3307 981 3397 itemque
1016 3321 1150 3396 praeter
1173 3302 1285 3369 ovatio-

216 3416 324 3503 nesff)
377 3421 504 3503 Quodsi
539 3425 612 3514 quis
645 3440 770 3488 tantum
799 3422 956 3487 aberrare
983 3446 1001 3484 a
1024 3421 1163 3485 veritate
1189 3419 1285 3484 Osan-

214 3561 294 3601 num
338 3539 486 3627 potuisse
528 3538 674 3618 diffidat,
713 3536 837 3602 suadeo
875 3553 912 3600 ut
954 3537 1070 3601 Festos
1107 3531 1285 3602 consulares

357 3622 371 3651 ¹2

216 3668 249 3715 et
275 3651 490 3742 triumphales
514 3652 625 3728 adeat,
651 3652 739 3719 velut
764 3651 895 3743 pridem
924 3652 964 3715 ab
1003 3649 1180 3741 Onuphrio
1215 3648 1286 3710 Pan·

215 3768 303 3833 vinio
332 3770 531 3858 compositos
558 3770 592 3834 in
616 3769 693 3834 edit.
720 3770 838 3836 Venet.
876 3794 904 3831 a.
937 3767 1027 3833 1557
1063 3792 1095 3857 p.
1125 3767 1286 3852 ‘ZOOsqqa

217 3881 271 3947 vel
294 3883 334 3946 ab
361 3883 495 3976 Sigouio
523 3885 626 3976 Oper.
654 3910 741 3950 omn.
772 3884 822 3950 ed.
850 3881 986 3948 Mediol.
1015 3908 1041 3945 a.
1069 3882 1162 3949 1732
1189 3876 1248 3944 vol.
1265 3872 1286 3950 Ῑ,

218 4018 251 4087 p.
283 4001 319 4062 11
338 4023 413 4089 sqq.
465 3999 561 4063 Nune
584 4018 693 4066 autem
720 4000 991 4089 persentiseisno2
1013 4021 1109 4090 quam
1126 3986 1288 4063 commode

217 4170 451 4184 .--——-—-—...--.

271 4265 296 4334 a)
315 4266 404 4317 Mirum
424 4278 463 4319 est
480 4270 678 4336 Kampurauuuor
698 4286 800 4338 quoquo
820 4270 867 4318 hoc
886 4267 983 4336 fugisse
1002 4265 1101 4319 Censor.
1127 4268 1161 4318 de
1179 4267 1232 4318 reb.
1251 4264 1294 4314 mi·

318 4358 354 4409 lit.
373 4361 454 4413 Plauti
475 4380 499 4431 p.
519 4365 562 4419 41.
