2872 4942
468 355 718 398 nosrattaarrn
746 357 939 403 resvrrnaa.
1171 330 1244 405 493

159 528 236 607 ieci,
264 528 394 593 tametsi
421 549 489 592 non
519 545 570 592 est
594 528 627 591 in
656 525 838 606 codicibus,
867 545 975 592 tamen
1003 529 1036 594 hi
1064 553 1107 594 ne
1132 499 1245 623 vulgri-¹

159 661 224 709 tam
250 641 390 736 quidem
427 643 626 735 scripturam
652 661 801 708 tuentur:
838 668 914 724 nam
952 641 1028 708 iube
1055 648 1091 708 in
1115 644 1247 711 bomini

157 762 359 826 Decurtatus
387 759 498 838 habet,
523 759 625 824 Vetus
651 777 761 824 autern
786 756 862 823 iube
888 763 925 823 in
950 759 1087 824 homine
1105 763 1245 853 aprima

158 900 271 954 manu,
297 901 314 939 a
340 873 487 941 secunda
506 872 607 938 iuben
629 874 766 939 homini.
802 875 874 940 Hoc
896 893 1006 940 autem
1028 877 1138 968 ipsum
1163 902 1242 945 eave

157 988 222 1057 ulli
251 991 322 1055 usui
351 1016 425 1056 esse
453 1009 567 1083 putes:
607 1014 675 1055 non
708 991 812 1083 magis
839 991 925 1056 enim
949 991 1003 1058 hic
1030 988 1150 1057 ullus
1141 1009 1246 1061 mter-

154 1104 303 1199 rogaudi
328 1104 455 1173 formae
481 1105 591 1182 locus,
624 1130 723 1197 quam
750 1131 777 1170 v.
805 1105 874 1175 104
900 1107 1026 1172 Tranio
1052 1108 1162 1198 potuit
1191 1107 1244 1175 di

156 1226 258 1289 eisne
282 1246 346 1314 pro
373 1221 430 1288 dic
454 1219 673 1314 respondere
696 1258 742 1270 -
767 1223 808 1291 V.
827 1222 874 1290 93
899 1225 964 1317 §tsi
986 1247 1053 1289 non
1080 1241 1179 1290 vacat
1194 1188 1246 1292 ol-

152 1337 309 1404 fensione
341 1341 501 1430 -petior
531 1354 726 1430 anapaestus
757 1355 832 1402 ante
869 1337 1040 1405 vocalem
1076 1338 1203 1426 (nam'
1192 1364 1245 1405 tn-

153 1470 258 1546 eptus
283 1454 324 1521 sit
350 1456 408 1548 qui
432 1453 476 1520 de
504 1440 671 1520 tribracho
703 1451 863 1545 cogitet:)
901 1473 1012 1520 tamen
1047 1456 1245 1546 patiendum

152 1570 283 1660 putari,
310 1570 472 1662 quianon
490 1570 599 1633 inveni
621 1569 678 1661 qui
705 1568 870 1634 tollerem.
905 1566 1064 1656 (Goniicit
1081 1571 1245 1636 Herman-

152 1710 220 1752 nus
239 1689 452 1775 perpetiere
476 1694 573 1778 poeta
599 1687 760 1778 scriptum
779 1711 864 1752 esse:
887 1685 996 1753 videri
1016 1688 1103 1753 onim
1124 1705 1245 1755 arter-

150 1802 375 1867 minationem
400 1801 603 1893 produxisse
629 1799 809 1886 Plautum.)
827 1837 870 1851 ··-
897 1803 939 1870 V.
968 1801 1013 1871 99
1037 1804 1098 1894 pol
1123 1803 1244 1887 adieci,

154 1945 184 1984 v.
220 1919 290 1986 100
315 1933 476 1982 acturam.
540 1916 769 2010 Theuropidls
787 1919 904 2013 ,verba
931 1917 1023 1983 unde
1047 1923 1115 2000 sit,
1157 1946 1244 2015 quae

154 2033 304 2126 negotia
323 2035 562 2125 interpretibus
587 2033 776 2112 lacessunt,
815 2032 858 2098 ad
883 2036 1061 2101 Tranionis
1086 2035 1143 2101 illa
1167 2042 1245 2130 s'pe-

152 2167 271 2217 ctant:
320 2173 430 2238 genus
467 2147 560 2241 qnod
602 2148 941 2247 {prprobissumumstt
990 2149 1118 2216 luditur
1155 2155 1245 2220 enim

150 2265 371 2355 ambiguitate
395 2289 506 2356 genus
532 2266 631 2332 vocis.
670 2300 717 2313 -·
754 2266 795 2332 V.
821 2263 869 2334 9-1
896 2292 955 2332 cur
977 2267 1074 2332 lanice
1099 2268 1247 2360 scripse„

148 2383 233 2459 rim,
261 2379 325 2447 alio
355 2380 430 2448 loeo
459 2379 581 2448 dicam:
618 2382 807 2449 uberiorem
839 2383 926 2446 enim
955 2383 1020 2449 boc
1046 2381 1246 2474 disputatio-

147 2520 235 2564 nem
264 2495 418 2588 postulat.
450 2532 497 2545 -·
533 2498 658 2564 Versus
685 2496 732 2565 96
755 2497 962 2583 hemistichia
985 2500 1173 2590 transposui
1199 2498 1243 2566 de

147 2612 402 2706 elegantissima
431 2611 574 2678 Acidalii
603 2612 817 2691 divinatione,
844 2619 909 2705 q’ua
934 2613 1171 2681 nonvidemur
1187 2640 1243 2681 sn-

146 2727 340 2821 persedere
367 2752 474 2820 posse.
536 2727 626 2793 Nihil
658 2727 709 2794 vel
739 2722 803 2794 bic
823 2728 876 2794 vel
901 2730 937 2793 in
961 2728 1121 2823 reliquis,
1156 2755 1243 2824 quos

145 2843 259 2915 modo
287 2845 504 2923 tractavimus,
531 2844 679 2910 versibus
707 2845 844 2910 Botbius
871 2844 1028 2936 profecit.

257 2959 367 3053 Atque
393 2961 458 3028 hoc
479 2959 618 3053 quidem
638 2961 860 3028 traiectorum-
870 2987 1024 3027 versuum
1048 2964 1241 3056 exemplum

147 3077 232 3149 satis
261 3076 405 3169 simplex
431 3077 695 3169 expeditumque
729 3095 778 3144 est
805 3102 886 3169 prae
919 3077 983 3145 alio
1012 3078 1105 3171 quod
1132 3083 1240 3149 estin

148 3193 273 3260 eadem
300 3219 408 3285 scena.
470 3194 510 3258 In
542 3219 606 3286 qua
639 3218 705 3286 quo
732 3190 861 3285 longius
890 3220 1001 3261 versus
1028 3197 1159 3262 initium
1184 3223 1240 3265 re-

149 3307 317 3403 grediare,
346 3334 385 3375 eo
412 3308 487 3400 plus
515 3310 682 3376 turbatum
707 3311 866 3401 reperias.
907 3310 1145 3407 nMultisenim
1165 3338 1240 3382 mo-

151 3414 202 3491 dis
232 3422 446 3500 depravatum
473 3423 558 3490 illud
586 3442 637 3490 est
662 3422 876 3516 colloquium,
905 3424 998 3518 quod
1024 3452 1041 3491 a
1069 3453 1097 3492 v.
1120 3425 1165 3494 41
1195 3427 1238 3494 ad

151 3542 197 3611 83
226 3541 351 3605 Tranio
381 3556 413 3605 et
441 3539 568 3606 danista
594 3550 780 3633 pertexu‘nt.
845 3540 914 3607 Sed
947 3543 1041 3633 prius
1077 3569 1175 3635 quam
1201 3541 1238 3609 id

153 3671 285 3749 agamus
309 3655 402 3748 quod
427 3657 572 3749 professi
598 3683 720 3736 sumus,
748 3656 790 3722 de
812 3656 943 3723 modica
959 3656 1075 3725 lacuna
1096 3683 1236 3724 monen-

153 3770 233 3839 dum
260 3788 318 3836 est.
381 3775 464 3839 Nam
499 3798 592 3838 versu
620 3772 757 3864 quidem
784 3773 829 3842 59
857 3793 1032 3865 postquam
1058 3772 1235 3837 minabun-

153 3884 215 3954 dus
254 3885 381 3954 danista
418 3887 547 3956 dixerat
580 3892 648 3952 iam
673 3889 785 3953 hercle
808 3913 872 3979 ego
901 3888 1004 3952 illunc
1029 3886 1233 3978 noneirzubo:

152 4001 295 4088 (temere
322 4004 410 4070 euim
444 4004 580 4072 Botbius
612 4021 745 4095 praeter
776 4003 880 4069 libros
915 4007 982 4068 iam
1007 4002 1119 4068 hercle
1142 4002 1235 4068 illum
1273 4070 1284 4091 ,

145 4141 215 4209 ego
243 4118 427 4185 nominabo
438 4117 461 4204 :)
490 4117 660 4186 cavillatur
673 4119 798 4185 Tranio
826 4118 1066 4184 contumaciter
1090 4142 1234 4210 respon-

146 4232 237 4301 dens
257 4259 348 4325 euge
369 4234 531 4301 strenue!
556 4234 675 4300 beatus
696 4258 775 4300 vero
801 4258 837 4297 es
864 4258 955 4299 nune
978 4257 1080 4326 quom
1093 4233 1231 4301 clamas.

143 4351 282 4444 Ergone
310 4349 506 4421 clamaverat
521 4351 672 4419 danista?
696 4349 877 4442 (siquidem
900 4348 986 4417 illud
1003 4350 1138 4432 Tranio,
1164 4374 1232 4418 non
