2872 4942
428 388 594 438 surorum
626 383 824 440 snivrtnae.
1099 365 1169 438 5ill

143 587 159 626 n
190 560 333 629 evadere
370 586 562 645 sermonem
593 563 787 645 sentimus„
827 561 1023 652 Expetimus
1057 560 1172 629 saltem

143 678 221 742 dem
247 677 444 769 particulam
460 690 476 744 :'
502 684 583 744 aurat
615 701 698 770 quos
724 681 898 768 suspicor,
933 699 1075 766 quorum
1100 682 1174 772 qui-

143 819 166 858 n
191 793 340 858 indolem
362 810 576 886 perspectam
601 817 672 859 non
701 793 821 860 lsabeo.
847 830 897 848 -·
923 795 1046 858 Harum
1074 796 1174 886 igitur

143 910 254 974 ionum
280 893 494 977 meditatione
516 907 689 974 fatendum
717 926 766 973 est
787 908 885 974 facile
905 911 1097 1001 quempiam
1110 933 1175 974 nec

143 1024 240 1090 ilecto
265 1023 396 1091 temere
421 1026 458 1089 in
484 1051 554 1091 eam
582 1025 805 1116 suspicionem
840 1024 980 1109 adduci,
1016 1044 1051 1090 ut
1085 1023 1174 1092 hunc

143 1162 225 1230 >que
249 1164 383 1206 versum
408 1142 443 1206 in
470 1142 616 1232 proximi
643 1143 834 1206 societatem
850 1122 1079 1221 ascisceiidffl
1098 1165 1172 1207 oum

143 1279 200 1345 [ue
225 1280 290 1322 una
317 1255 561 1323 exturbandum
586 1257 788 1336 arbitretur,
817 1257 1024 1349 quantumvis
1051 1281 1113 1348 per
1139 1281 1173 1322 sc

143 1371 197 1435 aba
222 1371 348 1464 singula
374 1374 439 1439 siut
464 1390 496 1438 et
523 1369 672 1464 qualibet
702 1370 887 1438 offensione
911 1397 1022 1441 vacua.
1068 1375 1174 1455 Quam

144 1503 276 1577 partem
301 1487 387 1556 illud
412 1491 523 1581 ipsum
548 1487 658 1554 valere
685 1470 806 1579 potest,
835 1487 927 1581 quod
951 1486 1083 1555 insolita
1096 1513 1174 1553 sane

144 1603 316 1694 crepantia
330 1602 360 1688 *)
396 1605 432 1669 in
467 1587 536 1670 aliis
563 1603 658 1669 libris
689 1628 761 1668 nora
785 1628 942 1705 possum,
967 1605 1002 1669 in
1028 1602 1099 1670 aliis
1127 1622 1176 1671 est

143 1741 234 1808 queo,
261 1719 354 1811 quod
377 1718 526 1813 quidem,
549 1739 586 1787 ut
610 1720 723 1787 versui
750 1718 1000 1801 consuleretur,
1027 1745 1089 1812 pro
1115 1719 1175 1787 illo

143 1834 210 1898 erri
236 1835 345 1926 potuit
370 1835 461 1900 velut
488 1861 528 1903 ex
553 1837 725 1902 Asinariae
752 1834 1003 1915 recor-datione,
1040 1838 1074 1901 in
1111 1864 1176 1929 qua

167 1949 191 2028 Ι,
222 1955 251 2027 1,
283 1949 343 2018 19:
375 1950 468 2042 Quid
489 1955 577 2018 istuc·
599 1955 654 2030 sit,
682 1966 741 2015 aut
764 1949 824 2015 abt
845 1956 932 2017 istuc
953 1955 1012 2025 sit,
1042 1974 1174 2044 nemaeo

143 2087 244 2132 scere.
296 2068 380 2132 Nam
405 2092 478 2132 cum
505 2068 540 2131 in
566 2084 685 2158 poetae
711 2065 856 2132 lectione
884 2068 960 2131 satis
987 2067 1075 2132 bene
1101 2093 1175 2132 ver-

145 2203 179 2245 os
205 2180 429 2250 Plautinarum
457 2180 641 2248 fabularum
663 2182 923 2274 interpolatores
950 2185 1041 2275 ipsae
1061 2207 1178 2250 eorum

143 2296 367 2389 erpoletioues
394 2297 559 2390 produnt:
587 2317 656 2366 tum
682 2324 725 2364 ne
752 2300 1011 2364 Ambrosianum
1038 2301 1178 2391 quidem

143 2411 282 2478 rum'ab
319 2414 546 2507 interpolandi
578 2415 776 2508 contagione
809 2440 1053 2507 usquequaque
1091 2414 1177 2481 libe-

143 2551 169 2592 ω
195 2553 265 2595 esse
292 2532 483 2596 certissimis
512 2529 676 2623 exemplis
699 2529 848 2597 ducetur.
895 2532 1040 2595 Tantum
1067 2549 1178 2597 autom

143 2659 184 2710 tra
211 2647 471 2713 controversiam
496 2649 642 2738 positum
670 2671 742 2711 esse
766 2665 936 2738 putamus,
971 2645 1054 2712 nihil
1082 2649 1177 2740 quic·

143 2786 192 2829 am
226 2762 455 2830 desideratum
489 2763 623 2829 irihoe
656 2760 794 2854 quidem
825 2746 1065 2830 sententiarum
1098 2789 1179 2831 con-

143 2901 163 2942 se
185 2897 216 2945 et
241 2880 385 2971 graviter
410 2903 485 2944 sese
512 2879 748 2970 excipientium
778 2895 914 2944 tenore:

193 2994 293 3075 Sunt,
317 3019 402 3087 quos
426 2998 496 3060 scio
523 3018 597 3059 esse
612 2997 755 3078 amicos,
781 3010 982 3088 sunt,tquos
1002 2997 1177 3088 suspicor5

190 3109 262 3177 Sed
287 3126 322 3175 tu
345 3135 390 3176 cx
414 3114 531 3175 amicis
557 3114 658 3175 certis
686 3113 732 3174 mi
752 3134 789 3175 cs
815 3114 1040 3175 certissumus.

192 3225 294 3293 Nolui
319 3226 418 3292 nimis,
444 3245 538 3293 caute
565 3224 805 3321 dissimulare,
823 3224 926 3327 quod·
944 3249 1059 3297 sensus
1087 3250 1179 3295 meus

143 3409 340 3428 ”-·--·-“Ἷ

159 3527 181 3596 ·)
198 3523 267 3593 Ergo
290 3540 343 3576 non
360 3525 422 3576 satis
442 3531 497 3576 tuto
514 3523 581 3574 Trio.
600 3523 644 3587 tv,
662 3524 688 3588 2,
706 3523 757 3574 752

690 3617 743 3668 uisi
752 3623 852 3668 'nomeu
866 3619 952 3686 putris

292 3714 380 3778 Dicas,
396 3729 450 3764 nou
466 3721 611 3764 monstrare
626 3729 729 3782 possum
745 3713 807 3765 istos
826 3713 955 3777 homiues,
973 3729 1035 3781 quos
1053 3719 1081 3763 tu
1100 3726 1180 3778 quas-

788 3808 872 3862 ritus:

200 3904 335 3962 lenissime
354 3904 453 3972 alioqui
471 3902 599 3958 medicina
615 3901 665 3958 hac
682 3904 719 3959 uti
740 3901 845 3959 licebit:
877 3903 976 3966 Dices,
993 3917 1090 3969 aequm
1108 3905 1182 3952 mda-

197 4009 284 4055 strure
305 4001 367 4058 istos
385 4000 498 4051 homiues
516 4014 539 4052 a.
562 4013 587 4072 q.
607 4013 628 4048 s.
671 3996 789 4055 ilumeris
816 3998 866 4053 etsi
892 3997 1050 4055 Burmannus
1071 3994 1116 4049 laos
1134 4012 1183 4070 pro

196 4100 260 4155 tum
281 4096 395 4160 reposito
417 4093 565 4158 consuluit,
585 4070 671 4147 tamen
688 4092 832 4146 aescinnes
853 4108 904 4143 uno
922 4093 1079 4171 tmnsposito
1100 4107 1181 4163 vocs.

200 4189 264 4248 bulo
281 4197 353 4241 recte
373 4191 467 4253 omnia,
486 4197 513 4239 at
530 4191 587 4241 sine
604 4185 658 4238 ullu
678 4186 818 4258 asperitate
835 4187 950 4264 quidem,
972 4188 1010 4238 sic
1029 4178 1203 4256 praestituta.

293 4285 383 4350 Dices,
402 4301 455 4340 auu
470 4300 571 4359 passum
589 4287 652 4335 istos
669 4290 815 4334 monstrum
833 4281 956 4348 limium,
976 4299 1038 4353 quos
1056 4292 1086 4339 ω
1101 4281 1185 4354 qm.

793 4381 866 4432 ritus.

1270 4034 1324 4161 a
1363 4176 1370 4229 .·
