2872 4942
173 343 244 417 594
508 372 538 411 x.
591 371 633 413 na
660 370 790 414 aruino
818 369 919 413 rxrrr

173 546 259 612 ecrit
282 561 426 638 poetam.
452 541 548 607 Fecit
571 538 608 606 id
635 556 744 607 autem
769 540 918 609 Bothius.
944 541 976 608 Α
1003 563 1076 634 quo
1105 542 1153 609 ita
1169 540 1261 611 distat

172 660 329 727 Grauerti
345 661 447 737 ratio,
480 675 517 723 ut
551 657 665 723 tertius
697 654 794 722 simul
825 673 860 722 et
885 655 1061 723 secundus
1087 682 1205 726 versus
1224 660 1261 725 ah

170 800 238 843 uuo
263 773 438 868 Pamphilo
463 773 742 866 pronuntientur,
773 774 831 865 qui
858 796 926 840 non
950 798 969 839 a
991 796 1070 840 sese
1099 775 1261 843 Chreme·

171 909 256 972 tem,
292 891 353 959 sed
378 917 396 956 a
418 890 600 957 Chremeta
628 905 734 954 semet
758 887 904 955 alienum
928 889 1053 970 fuisse,
1094 907 1260 959 ettamen

172 1032 246 1074 eum
271 1005 379 1100 qualis
402 1005 503 1071 suerit
527 1004 658 1070 novisse
685 1003 861 1098 significet.
909 1004 955 1072 At
973 1029 1019 1072 ne
1046 1006 1101 1073 sie
1127 1006 1261 1101 quidem

171 1123 334 1191 Chremes
363 1120 473 1214 potuit
507 1142 625 1186 eorum
655 1117 962 1188 confirmandorum
996 1145 1139 1202 caussa,
1179 1149 1259 1217 quae

170 1236 299 1304 dixerat
323 1234 535 1328 Panqhhilus‚
564 1239 616 1302 ita
639 1258 694 1301 res
718 1251 771 1301 cst
795 1234 1024 1328 responderet
1054 1236 1152 1305 uude
1176 1241 1260 1307 enim

167 1351 335 1445 Pamphili
360 1353 394 1417 io
421 1376 456 1418 se
481 1351 626 1417 animum
656 1353 780 1418 rectius
813 1377 914 1444 quam
946 1350 1007 1419 ilie
1040 1353 1122 1446 ipse
1148 1355 1259 1424 norat?

167 1470 346 1536 Praeterea
372 1491 439 1534 nou
460 1467 568 1558 potuit
594 1469 678 1535 haec
710 1466 818 1534 omnis
843 1468 928 1535 ratio
950 1468 1016 1535 nisi
1041 1471 1096 1537 sic
1122 1471 1256 1550 institui,

166 1601 204 1649 ut
227 1587 355 1676 primus
378 1607 494 1649 versus
520 1585 770 1650 continuaretur
795 1583 964 1663 Charino,
999 1584 1103 1677 isque
1116 1636 1127 1667 ‚
1161 1585 1256 1680 quale

168 1725 263 1766 suum
298 1699 491 1766 Chremetis
517 1698 664 1764 studium
696 1699 844 1765 futurum
868 1715 980 1776 esset,
1014 1701 1111 1769 hune
1136 1727 1257 1796 exspe-

167 1834 255 1882 ctare
281 1816 420 1880 iuberet
467 1814 570 1905 Atqui
594 1814 660 1880 hoe
686 1813 810 1906 quibus
835 1813 997 1880 machinis
1024 1800 1167 1884 efficere
1194 1836 1257 1885 tum

164 1930 302 1997 Bothius
328 1949 396 1997 tum
423 1929 607 1995 Grauertus
634 1932 741 1996 conati
768 1933 843 2009 sint,
867 1952 967 2021 supra
989 1928 1151 2001 vidimus.
1191 1936 1255 2001 Nos

165 2064 290 2124 autem,
314 2047 373 2138 qui
397 2070 461 2111 nec
486 2044 651 2111 librorum
673 2047 871 2137 scripturam
897 2069 962 2139 quo
986 2046 1176 2142 adeunque
1200 2050 1252 2115 ha-

164 2162 303 2229 beamus
330 2162 389 2253 qui
422 2161 484 2226 arti
511 2162 777 2241 convenientius,
817 2186 920 2255 quam
952 2164 1002 2230 sie
1036 2182 1077 2231 ut
1109 2166 1250 2246 fecimus,

165 2277 379 2371 corrigamus,
406 2301 480 2356 nee,
506 2277 534 2341 si
561 2276 698 2342 Charini
722 2277 832 2369 potius
852 2302 951 2370 quam
969 2278 1169 2349 Chremetis
1187 2297 1249 2346 stu-

164 2392 258 2465 dium
283 2392 505 2485 significetur,
547 2393 663 2458 abesse
687 2417 787 2484 posse
814 2418 923 2459 meum
952 2419 1150 2487 pronomen
1177 2422 1246 2464 eou-

167 2507 343 2589 eedamns,
370 2510 468 2574 missa
494 2507 631 2575 iacimus
659 2511 741 2573 mira
766 2511 826 2574 ista
852 2529 1042 2578 commenta
1068 2516 1198 2593 omnia,
1219 2527 1247 2578 et

165 2622 295 2690 tamdiu
308 2639 421 2688 nostra
441 2624 570 2688 inventa
591 2625 788 2703 tenebimus,
811 2622 923 2691 donec
949 2610 1094 2694 meliora
1120 2629 1243 2696 fortasse

162 2740 282 2834 aliquis
307 2740 516 2804 Hermannus
538 2763 598 2803 nos
626 2735 894 2839 edocuerie*)a=
1291 2832 1293 2839 Ι

262 2854 390 2939 Quodsi
416 2881 432 2919 a
460 2855 598 2947 pristina
623 2855 727 2921 forma
754 2879 821 2922 non
847 2853 986 2922 nimium
1013 2858 1140 2928 abesse
1165 2857 1240 2928 ride·

163 2972 287 3035 buntur
311 2958 424 3037 versus
450 2997 468 3034 a
493 2971 590 3036 nohis
617 2971 802 3065 propositi,
842 2971 941 3037 simul
971 2973 1039 3041 hoc
1065 2976 1239 3067 profecisse
1291 2980 1293 2989 '

162 3085 372 3178 putabimur,
405 3103 442 3150 ut
466 3086 531 3150 iam
559 3084 780 3152 confidentius
807 3084 850 3151 de
877 3111 995 3153 eorum
1020 3088 1145 3158 indole
1169 3087 1236 3157 iudi-

164 3203 250 3268 cium
277 3200 353 3266 fieri
374 3203 489 3297 possit
522 3203 607 3267 Nam
635 3220 669 3267 ut
689 3201 839 3267 breviter
865 3200 1026 3283 dieamus,
1055 3208 1234 3299 quicunque

161 3315 321 3383 idoneum
346 3341 441 3382 usum
469 3317 671 3383 canticorum
693 3316 812 3399 hahet,
846 3342 916 3385 non
946 3322 1074 3410 poterit
1098 3322 1157 3389 vel
1180 3341 1236 3389 tan·

162 3430 272 3498 tillum
300 3430 472 3510 dubitare,
500 3433 579 3524 quin
602 3435 637 3497 iu
662 3432 776 3499 bono
805 3452 848 3499 et
878 3436 1064 3527 antiquo
1102 3455 1237 3530 poeta

163 3572 344 3617 versunum.
410 3545 510 3629 Quod
537 3549 710 3639 quinon,
743 3549 881 3615 simulac
919 3550 1026 3617 semel
1058 3553 1238 3648 pellegerit,

165 3664 387 3757 persentiscat
412 3687 450 3728 ac
473 3662 614 3729 firmiter
639 3665 703 3730 sibi
729 3665 949 3756 persuadeat,
984 3691 1053 3734 nec
1079 3668 1239 3743 sescentis,

166 3803 252 3871 quoe
275 3777 327 3844 vel
356 3803 373 3842 e
401 3778 563 3844 sermonis
590 3804 716 3871 genere
744 3778 795 3846 vcl
822 3805 1040 3848 numerorum
1066 3785 1239 3853 rationibus

162 3895 233 3986 peti
258 3911 405 3986 possunt,
432 3897 632 3986 argumentis
660 3894 794 3975 credet,
818 3913 851 3961 et
875 3914 912 3962 ut
933 3897 1048 3978 fatear,
1077 3901 1175 3992 quod
1197 3920 1239 3965 res

163 4024 221 4088 est,
246 4009 287 4073 ab
311 4007 373 4074 hae
399 4026 467 4074 tota
492 4026 561 4074 arte
590 4029 624 4077 ut
650 4012 709 4103 qui
734 4011 876 4079 maxime
904 4012 1033 4085 alienus
1062 4034 1123 4082 est.
1167 4017 1239 4083 Nam

164 4147 239 4188 cum
265 4121 348 4188 nihil
376 4125 474 4188 sitin
499 4125 568 4191 istis
597 4126 749 4209 veribus,
784 4127 878 4221 quod
904 4131 1070 4198 Terentio
1094 4130 1239 4201 Plautovt

166 4281 445 4298 Μ

204 4332 245 4442 γ’)
265 4373 332 4428 Vide
349 4370 515 4443 Epirnetrmn.
