2872 4942
420 343 443 387 t.
473 343 515 384 na
543 308 820 386 anavai'aosraa
846 341 1037 397 ,nonianus
1254 320 1276 387 ὅ

164 486 378 596 ⁸recass'eris)
405 509 448 577 de
472 510 607 577 illoram
635 536 759 605 genere
787 532 854 592 est,
894 513 951 605 qui
978 531 1033 578 aut
1059 512 1278 579 XX·sabulas

182 628 347 694 Plautinas
366 640 501 697 cunctas
516 645 571 693 aut
588 629 653 693 XII
669 646 758 695 cette
780 630 985 720 posteriores
1002 646 1128 695 tenent.
1165 633 1276 735 Quare

179 745 365 811 accuratius
391 744 438 809 sie
465 761 514 808 est
539 745 594 809 hic
620 743 715 811 locus
740 745 847 812 omisis
876 743 1098 824 definiendus,
1137 756 1173 811 u't
1196 743 1276 812 Asi·

178 865 254 931 nius
291 885 415 926 nomen
448 863 595 951 reperiri
632 859 762 926 dieatiu·
795 862 829 925 in
861 878 956 952 parte
988 863 1179 927 recentiore
1207 862 1276 928 eius

175 977 281 1068 partis
309 975 474 1058 librorum
499 975 736 1055 Plautinorum,
766 1002 853 1068 quae
880 976 922 1041 ad
950 978 1030 1044 Vlll
1076 970 1200 1044 tanflim
1228 977 1276 1041 sa·-

174 1091 270 1157 bulas
297 1093 431 1184 priores
457 1100 598 1183 spectat.
645 1092 747 1184 Atqui
774 1118 830 1158 eos
857 1094 947 1185 ipsos
974 1092 1079 1161 libros
1101 1095 1178 1161 satis
1193 1117 1274 1160 eona

176 1225 240 1274 stat
265 1235 285 1273 a
311 1206 379 1273 fide
403 1233 460 1273 sua
483 1232 603 1299 parum
630 1207 930 1274 commendationis
957 1210 1096 1279 habere.

274 1323 388 1388 Restat
409 1323 510 1415 igitur
537 1341 580 1402 ut,
607 1324 635 1389 si
659 1322 762 1389 modo
788 1325 903 1414 possit,
930 1323 1003 1389 fons
1029 1320 1274 1418 indagetur-il·

174 1437 238 1504 lius
263 1437 494 1518 liberalitatis,
527 1463 614 1530 quae
649 1456 714 1504 tam
745 1438 859 1532 lepida
886 1440 1078 1506 accessione
1105 1439 1273 1506 honestis-

178 1555 249 1619 simi
279 1571 403 1646 poetae
427 1578 551 1620 nomen
578 1554 703 1621 ditavit.
729 1555 778 1621 Ac
794 1554 837 1619 de
854 1551 980 1622 Accius
997 1554 1046 1621 vel
1068 1551 1186 1631 Attius
1201 1570 1273 1622 'no-

173 1672 272 1738 minis
298 1668 515 1735 similitudine
542 1696 601 1736 ειιι1
623 1694 691 1738 non
717 1673 822 1761 possit
849 1669 1026 1737 commode
1044 1672 1191 1763 cogitari,
1214 1695 1273 1736 an·

174 1804 226 1852 tea
253 1786 474 1879 significatum
504 1804 569 1852 est:
602 1811 665 1853 nee
702 1805 752 1852 est
778 1810 855 1852 sane
881 1789 941 1852 ista
969 1786 1153 1853 litterarum
1180 1787 1273 1853 simi-

173 1899 282 1967 litudo
309 1918 415 1979 tanta,
458 1903 511 1968 eui
542 1927 618 1969 cum
640 1900 751 1994 aliqua
779 1901 978 1968 confidentia
1008 1882 1188 1994 quieqdim
1210 1902 1272 1969 tri-

171 2017 263 2119 buas.
314 2018 443 2084 Verum
467 2015 557 2083 aliud
584 2036 717 2109 praesto
744 2035 794 2082 cst
817 2042 960 2099 nomeu,
995 1994 1208 2111 gentilicium&
1228 2016 1271 2083 it.

172 2138 232 2207 lad
250 2138 391 2234 quidem
415 2141 447 2207 h.
475 2166 503 2210 e.
528 2135 690 2220 ἑθνικόν,
718 2140 810 2234 quod
845 2141 1016 2234 frequenti
1039 2150 1101 2206 usu'
1126 2141 1272 2207 Plautus

171 2257 299 2323 nomini
324 2255 485 2324 adhaesit
537 2259 690 2349 Namque
718 2257 920 2349 Sarsinas
946 2254 1004 2322 ille
1032 2256 1092 2321 fuit
1120 2281 1161 2321 ex
1186 2257 1269 2321 Vm-

170 2372 259 2439 bria:
287 2370 378 2438 unde
405 2373 597 2465 saepissime
616 2369 738 2439 Plauti
761 2359 953 2439 Sarsinatis
979 2373 1048 2437 cius
1064 2369 1197 2436 fabulae
1216 2371 1269 2434 in-

170 2489 382 2568 scribuntur,
409 2467 658 2580 'nonnunquam
685 2485 806 2555 Plauti
828 2488 1047 2560 Sarsinotae,
1078 2485 1169 2552 utin
1197 2487 1268 2550 An-

171 2602 325 2695 'gelieano
352 2621 385 2669 et
409 2622 523 2670 nostro
549 2602 695 2697 quodam
722 2602 840 2671 codice
865 2606 900 2668 in
915 2604 1046 2668 Etruria
1070 2620 1194 2694 empto,
1217 2625 1269 2665 se-¹

170 2714 242 2782 mel
269 2716 352 2784 adeo
378 2718 509 2786 Sarrae
541 2721 576 2784 in
601 2717 720 2785 eodem
748 2718 805 2785 illo
833 2718 939 2799 libro,
975 2716 1095 2786 Plauti
1122 2718 1272 2786 Comicis,

167 2854 214 2896 cx
234 2830 382 2899 -deria
406 2833 606 2926 Sarscnatis
631 2836 665 2899 in
678 2836 837 2899 Perusino
856 2836 937 2912 950,
966 2831 1264 2925 (quamadmodum

165 2948 379 3013 Farsenatas
418 2949 552 3016 exhibet
587 2947 661 3015 cod.
694 2947 1010 3040 snakenburgianns
1033 2946 1132 3012 Plinii
1157 2949 1197 3014 N.
1225 2946 1266 3012 H.

166 3062 225 3141 tlt,
256 3061 312 3142 14,
345 3061 391 3133 19
417 3089 441 3130 s.
471 3061 567 3149 titi),
594 3061 714 3132 Plauti
732 3062 877 3131 Conzedi
896 3063 1115 3131 Sarsinatisis
1133 3063 1266 3127 Poetae

165 3177 361 3244 Clarissimi
391 3180 426 3245 in
453 3181 614 3247 Perusino
651 3180 731 3250 139.
784 3174 958 3264 Quodsi'e
985 3178 1179 3246 Sarsinatis
1205 3200 1268 3242 na-.

163 3309 234 3358 tum
262 3319 335 3360 esse
360 3292 479 3361 Asinii
503 3295 686 3365 dixerimus
713 3294 928 3388 simpliciter,
955 3319 1027 3360 non
1050 3295 1212 3391 miremur
1238 3293 1265 3358 si

160 3407 226 3485 hoe
256 3407 456 3476 audaculum
481 3409 658 3504 plerisque
685 3409 838 3476 videatur
864 3414 901 3474 et'
923 3410 1111 3475 abhorrens
1135 3435 1152 3475 a
1179 3431 1260 3499 pro-

161 3525 352 3591 babilitate:
379 3528 512 3600 tametsi
538 3550 607 3594 non
633 3507 710 3592 leia
736 3526 891 3618 profecto
918 3522 1260 3618 pondushoehabet,

163 3638 257 3731 quod
292 3664 465 3735 nimquam
492 3640 686 3709 Sarsinatis
723 3660 756 3708 ct
780 3636 897 3708 Asinii
931 3641 1065 3707 uomina
1103 3638 1260 3729 leguntur

245 3837 300 3890 dici
315 3854 371 3889 ma
386 3839 450 3905 fidas
468 3840 614 3893 adiiianda
631 3841 753 3894 Basileia
769 3842 877 3911 ascripto
900 3838 1034 3894 statii.
1055 3838 1149 3890 aiiinc
1168 3822 1268 3897 annii,

244 3942 280 3976 aa
300 3941 331 3976 aa
343 3927 490 3996 marpissa·
508 3946 521 3980 e
539 3928 786 3997 quamanimae
804 3928 951 3981 comaediae
967 3928 1103 3980 Plautinae
1122 3920 1272 4001 emanasse'

219 4076 231 4087 Ι,
242 4012 381 4087 ms
407 4013 532 4081 proclivis
551 4019 701 4069 coniectura
722 4024 762 4068 est
780 4030 874 4069 nomen
886 4004 961 4069 'tttut
979 4016 1013 4069 in·
1027 4015 1175 4084 posteriore
1195 4014 1256 4083 qui-

243 4098 306 4153 den
323 4109 398 4167 parta
417 4102 473 4155 aias
491 4103 653 4163 codicianon
667 4103 763 4157 lectum
776 4118 846 4168 casa,
865 4103 914 4157 aad
928 4103 1059 4174 iugariora
1080 4110 1185 4166 tantam,
1198 4104 1255 4168 sira

240 4186 324 4240 sonat
342 4186 375 4240 ab
394 4188 469 4242 initio
486 4193 599 4259 positum
618 4194 674 4244 aire
693 4193 932 4260 octiesrepatitum,
953 4192 1079 4253 extitisse,
1098 4190 1148 4242 huc
1168 4197 1253 4243 nutem

169 4307 172 4312 -
241 4288 275 4325 ax
292 4272 589 4355 aao'anrumipmram
608 4279 729 4333 librorum
752 4279 937 4344 instaurasse,
966 4281 1008 4348 qni
1033 4281 1060 4330 in
1081 4285 1140 4332 octo
1158 4276 1252 4329 fabulis

241 4361 392 4430 substitere,
407 4366 504 4451 gainus
524 4367 628 4438 quidem
638 4350 845 4425 ¹additamentum
864 4366 928 4421 iilud
948 4366 1101 4441 tralaticium
1119 4364 1174 4417 tata
