2872 4942
161 348 234 418 115ss
384 371 451 412 vm.
477 373 519 413 na
546 369 692 412 τνιιιτο
720 369 892 412 scuriam
920 369 1044 413 onoma

189 544 235 619 73
287 564 345 608 1²11.
372 539 450 606 Alio
469 539 582 604 'credo'
597 544 813 604 comissatmn
826 538 955 605 abisse:
978 539 1136 604 abeanms
1152 563 1222 604 nane

653 659 731 720 iam.

283 793 343 836 ru.
370 768 512 837 Patere.
540 817 547 835 .
574 795 596 863 q
622 819 945 841 ..........
964 772 1030 838 hac
1055 798 1108 837 me
1132 825 1140 842 .
1164 819 1171 837 .
1193 812 1222 838 .·

190 884 235 954 74
286 909 348 955 ΤΗ.
375 888 500 961 Patere,
527 890 640 950 iamne
666 885 762 950 abis?
790 885 931 952 libertas
942 888 1127 978 paenulast
1145 903 1222 975 tergo

656 1011 725 1066 tuo}

192 1122 237 1188 75
289 1139 347 1182 ΡΗ.
374 1115 483 1190 Mihi,
508 1119 577 1180 nivi
601 1132 637 1180 ιιι
664 1141 759 1180 erum
784 1133 930 1181 metuam
955 1133 991 1182 et
1015 1142 1141 1193 curem,
1160 1112 1226 1180 nihil

658 1248 710 1296 est
736 1235 795 1324 qui
818 1248 954 1322 tergum
975 1248 1104 1324 tegam.

161 1347 217 1413 Sic
244 1349 332 1410 enim
360 1346 510 1412 ultimum
538 1348 659 1439 scripsi
686 1347 773 1414 duca
799 1349 1034 1430 Ambrosiano,
1059 1350 1097 1414 in
1121 1361 1228 1441 quaest

160 1462 232 1527 NIS
248 1511 255 1525 .
271 1463 324 1527 U.
343 1463 350 1525 Ι
366 1464 373 1528 Ι
387 1463 485 1527 RUM
511 1462 545 1529 h.
562 1488 590 1527 e.
618 1466 687 1527 uisi
710 1468 762 1528 uti
776 1487 878 1528 erum.
910 1463 1087 1557 Vulgatam
1107 1465 1227 1556 scriptu·

160 1603 232 1642 ram
258 1580 327 1642 nisi
350 1577 467 1641 lterum
494 1603 511 1642 e
538 1575 704 1656 Palatinis,
731 1580 764 1642 in
789 1580 910 1670 quibus
929 1596 981 1646 est
1004 1582 1074 1644 nisi
1094 1590 1227 1651 erumut,

162 1695 209 1757 sic
236 1709 429 1758 correxerat
453 1692 606 1758 Bothius:
634 1697 702 1759 nisi
727 1689 844 1759 he'rum
869 1697 937 1773 ιιιί,
963 1718 1034 1761 non
1054 1694 1161 1780 male,
1184 1687 1226 1757 sed

166 1825 201 1873 ut
225 1807 310 1872 illud
336 1824 492 1899 praestet.
551 1809 601 1874 Eo
629 1827 760 1888 autem,
793 1810 853 1900 qui
887 1808 1011 1876 excidit
1036 1834 1153 1888 versu,
1184 1827 1227 1872 nos

163 1922 299 2014 quidem
323 1923 406 1988 nihil
432 1925 600 2014 potuimus
626 1928 747 1990 nostris
775 1923 881 1992 oculis
916 1927 1082 2017 enpiscari
1114 1925 1174 1991 nisi
1198 1921 1227 1986 ab

162 2040 256 2104 initio
279 2041 392 2106 Puere
417 2087 446 2104 ..
466 2063 487 2132 q
504 2086 512 2103 .
531 2067 556 2105 .:
583 2039 787 2131 syllabarum
813 2066 897 2133 quae
920 2059 996 2106 sunt
1022 2041 1089 2107 hac
1112 2064 1161 2105 me
1181 2061 1227 2104 nec

165 2145 236 2221 vtila
263 2182 324 2221 nec
351 2158 523 2248 vestigium
550 2159 720 2248 apparuit:
746 2156 804 2222 sed
832 2176 943 2222 tamen
960 2159 1050 2224 Maio
1079 2155 1226 2224 credamus

165 2271 244 2337 olim
267 2248 473 2365 apparuisse.
535 2274 609 2355 Quo
642 2290 753 2338 autem
779 2271 835 2338 illa
861 2271 999 2339 tandem
1021 2291 1169 2366 spectare
1190 2267 1227 2333 di·

167 2412 294 2468 camus,
323 2415 408 2480 quae
435 2388 689 2480 Theuropidem
716 2413 821 2480 puero
848 2387 1018 2454 dicentem
1045 2389 1180 2456 faciunt:
1199 2382 1227 2447 ii·

165 2505 281 2570 bertas
303 2505 455 2596 paemtla
480 2510 531 2569 eit
552 2522 657 2594 'tergo
686 2522 743 2569 tuo
766 2504 835 2568 -Ρ
887 2504 1083 2596 Explicant:
1109 2505 1226 2571 liberum

166 2620 308 2714 paenula
334 2622 395 2686 tibi
422 2641 549 2713 tergum
578 2637 628 2686 est
734 2670 741 2684 .
766 2619 942 2712 paenulam
969 2646 1038 2687 non
1064 2639 1177 2714 gestas.
1199 2609 1226 2677 ld

88 2730 91 2739 Χ
169 2755 202 2802 ut
228 2735 344 2802 saltem
371 2754 485 2827 posset
510 2735 592 2815 fieri,
618 2735 675 2800 lea]
706 2737 788 2811 sima
811 2738 991 2802 mutatione
1008 2738 1144 2804 Bothius
1167 2731 1226 2800 scri·

165 2853 268 2917 bebat
295 2851 434 2916 libertas
458 2851 629 2941 paenulae
657 2868 707 2914 est
732 2843 830 2941 tergi)
856 2869 935 2916 tuo:
961 2877 1038 2919 nam
1063 2852 1226 2946 penulaest

68 2973 70 2978 ’
169 2985 282 3034 tenent
306 2969 397 3047 Pali,
420 2967 603 3059 paenulast
629 2968 745 3032 Ambr.
791 2966 863 3034 Sed
879 2995 965 3060 quae
982 2972 1029 3036 vis
1044 2989 1140 3050 esset,
1165 2984 1226 3059 quae

167 3084 267 3162 ratio,
307 3086 363 3174 qui
398 3109 503 3149 nexus
530 3083 627 3148 huius
654 3084 720 3149 ioci
759 3083 848 3168 (nam
875 3083 918 3148 de
944 3085 1017 3152 ioco
1045 3071 1227 3177 cogitarunt),

168 3225 231 3264 nec
259 3201 394 3265 Bothius
421 3224 484 3264 nec
511 3198 593 3263 alius
609 3199 786 3289 quisquam
809 3198 1037 3267 demonstrare
1050 3200 1170 3293 potuit:
1190 3188 1228 3285 qui

171 3313 307 3406 quidem
333 3315 436 3394 iocus,
462 3333 497 3379 ut
524 3313 632 3380 dicam
660 3313 751 3405 quod
777 3339 833 3379 res
862 3333 929 3394 est,
954 3315 1175 3407 ineptissimus
1196 3317 1229 3374 est

172 3448 205 3496 et
226 3431 311 3498 ultra
339 3457 435 3522 quam
464 3431 531 3496 dici
564 3449 677 3522 potest
710 3431 843 3524 frigens.
896 3432 986 3515 Quid
1011 3433 1136 3500 multa?
1182 3447 1230 3494 ser*

173 3549 416 3615 mocinantibus
437 3548 483 3612 sic
509 3545 566 3611 illa
594 3545 824 3612 distribuenda
850 3566 946 3614 sunt:

296 3686 358 3733 ΤΗ.
386 3656 520 3750 Ριὶενε,
546 3666 661 3726 iamne
687 3656 790 3726 abis?
842 3684 897 3728 ΡΗ.
922 3662 1063 3729 libertas
1079 3657 1230 3756 paenulast

670 3771 770 3866 tergd
799 3794 879 3842 tuo:

296 3888 407 3966 Mihi,
432 3896 500 3957 nisi
523 3908 560 3957 ut
587 3917 680 3957 eram
705 3887 852 3958 ιηέιιιαηι
876 3909 911 3958 et
936 3919 1076 3970 curem,
1102 3884 1185 3960 nihil
1199 3895 1232 3952 est

666 4013 724 4100 qni
748 4003 883 4099 tergu'm
909 4025 1035 4101 tegam.

176 4129 246 4190 Hoc
275 4108 360 4189 enim
391 4123 538 4189 servolus
563 4125 625 4188 sibi
653 4124 735 4189 vult:
765 4143 796 4188 tu
825 4124 962 4216 quidem
988 4152 1058 4192 non
1079 4127 1233 4192 habeseur

176 4259 265 4331 tergo
294 4243 425 4319 timeas,
461 4259 493 4306 ut
520 4241 577 4332 qui
605 4242 647 4305 sis
674 4239 779 4305 liber-2
818 4241 878 4305 tibi
904 4243 1004 4333 igitur
1029 4244 1102 4335 ipsa
1124 4242 1233 4308 libertas

175 4356 342 4446 praesidio
371 4377 403 4423 et
429 4375 585 4448 tanquam
613 4375 802 4447 tegumento
831 4359 916 4452 tergi
945 4376 1014 4425 est:
1042 4346 1234 4428 contramihi
