2872 4942
165 301 237 372 360
560 326 601 379 rt.
623 325 664 366 uu
688 324 863 369 maurinus

153 500 304 577 Probus,
331 501 480 566 Donatus
506 470 702 566 scholiastae
729 498 935 565 Terentiani.
980 497 1127 592 Reliqua
1158 525 1242 595 quet.

163 633 239 684 tuor
266 632 342 683 sunt
367 616 446 681 artis
469 615 681 706 scriptorum,
708 641 725 678 a
753 614 874 705 quibus
902 613 945 680 de
967 633 1120 683 veterum
1139 622 1241 705 muris

162 749 338 825 poetarum
377 729 528 797 similiter
566 730 654 796 dicta
679 749 881 822 reppererat
904 750 1005 823 atque
1032 759 1050 799 a
1078 733 1240 814 Diomede,
1276 816 1278 833 Ι

162 847 326 926 Varrone,
366 848 528 925 Charisio,
567 848 685 915 Caesio
711 851 824 925 Basso,
851 847 974 940 Capro,
999 849 1112 915 illaria
1138 850 1239 916 Victo-

161 964 247 1042 rino,
272 965 474 1029 Terentiano
498 965 628 1043 Mauro,
667 965 759 1044 Iuba,
784 965 964 1032 Firmiano.
1009 965 1060 1031 Ae
1084 965 1239 1033 Caecilius

163 1078 301 1172 quidem
328 1078 394 1165 (vel
418 1079 555 1146 Caelius
573 1078 738 1170 'editionis
764 1076 964 1164 Venetae),·
983 1099 1033 1148 est
1056 1079 1116 1147 ille
1141 1081 1237 1173 potius

166 1193 349 1261 Caesellius
377 1193 530 1276 Vindex,
563 1197 655 1263 cuius
690 1221 758 1265 non
795 1221 902 1290 pauca
939 1197 1127 1289 fragmenta
1160 1193 1237 1289 apud

162 1307 319 1391 Gellium,
338 1311 535 1390 Charisium,
549 1313 755 1379 Priscianum
771 1332 916 1392 exstant·
931 1329 1062 1403 sumpta
1084 1337 1124 1378 ea
1143 1313 1237 1380 omnia

161 1445 198 1491 ut
230 1426 364 1493 videtur
391 1454 411 1524 e
437 1426 635 1495 Streniateo
677 1427 794 1514 (Prisc.
819 1427 888 1508 vl,
912 1455 947 1520 p.
974 1425 1059 1506 685,
1080 1433 1136 1494 11.
1167 1425 1236 1506 696,

163 1548 208 1612 12
233 1535 296 1622 Pi,
323 1567 408 1636 quos
434 1544 691 1611 commentarios
716 1543 815 1609 luisse
841 1569 904 1635 per
919 1543 1045 1611 litteras
1072 1515 1235 1635 dispositos

163 1661 254 1726 etin
281 1659 430 1752 totidem,
456 1679 541 1753 quot
564 1676 641 1726 snut
665 1658 804 1738 litterae,
832 1659 937 1726 libros
963 1659 1139 1728 distinctos
1161 1659 1234 1729 cha

111 1828 117 1836 ,
161 1777 259 1842 risius
277 1774 471 1842 lidemsacit
491 1777 703 1869 p.‘213,30:
732 1791 769 1841 ut
788 1775 975 1843 Caesellius
986 1774 1129 1865 ldipdex
1151 1773 1235 1841 titi

163 1890 299 1958 litterae
324 1889 459 1992 scribit:
487 1911 519 1958 et
543 1918 577 1984 p.
607 1888 884 1987 171311111νο
911 1893 941 1959 L
965 1891 1105 1957 litterae
1123 1887 1166 1975 Ἴ.
1186 1888 1233 1955 Ni·

160 2005 220 2070 hili
247 2026 356 2075 autem
384 2024 434 2073 est
451 2007 567 2075 Cinna
582 2007 828 2103 grammaticus:
853 2005 945 2099 quod
962 2031 1085 2095 uoppeu
1102 2030 1143 2075 ex
1152 2002 1233 2098 prie-

162 2123 284 2212 gressis
311 2122 447 2217 syllabis
473 2122 625 2191 Sisenna
659 2121 750 2189 vocis
783 2140 912 2218 ortum:
942 2139 1043 2217 atque
1070 2106 1173 2189 iibest
1200 2117 1233 2184 als

164 2239 312 2307 editione
338 2240 477 2306 Veneta.
509 2237 578 2304 Sed
600 2235 733 2315 Albini,
761 2264 863 2330 quem
888 2239 1062 2306 Putschius
1090 2263 1163 2307 esse
1187 2232 1232 2321 dl

163 2357 297 2423 cuinam
321 2356 479 2447 putabat,
516 2353 637 2420 librum
671 2379 768 2448 quem
793 2353 837 2421 de
863 2359 982 2420 metris
1006 2359 1145 2447 scripsit
1165 2373 1234 2419 unus

163 2487 403 2539 commemorat
424 2470 588 2537 Maximus
602 2470 795 2565 Victorinus
818 2468 860 2536 de
886 2495 990 2545 carm.
1014 2467 1236 2567 1161111959

160 2590 195 2655 Ρ.
223 2587 295 2656 1189
320 2583 419 2652 Lind.
468 2583 620 2654 Plinium
644 2583 794 2677 intelligo
817 2602 872 2651 eut
897 2583 1063 2651 librorum
1085 2586 1131 2655 de
1145 2580 1236 2671 dubll

163 2726 318 2768 sermone
345 2720 400 2767 aut
419 2700 584 2767 Naturalis
606 2701 768 2769 historiae
795 2701 1011 2790 scriptorem,
1050 2703 1084 2767 iu
1120 2724 1182 2794 qua
1201 2682 1237 2797 dp

161 2819 286 2889 Plauto
298 2833 403 2909 poeta
418 2815 567 2919 loqpitur
584 2817 708 2897 XVIII,
722 2841 749 2883 e.
764 2822 816 2884 11.
831 2813 879 2900 **)
907 2818 1065 2908 Denique
1082 2835 1238 2908 postrema

108 2997 109 3000 ,
163 2933 273 2998 Rufini
309 2935 410 3000 verba
437 2935 484 2999 sic
510 2932 796 3024 redintegramus:
844 2933 1060 3008 Euanthius,
1082 2927 1238 3001 Sacerdos

164 3053 222 3139 qui
253 3065 287 3117 et
317 3046 469 3124 Plotius,
502 3051 681 3128 Donatus,
707 3049 806 3115 Iuba.
856 3047 975 3116 Nullus
1010 3074 1160 3141 unquam
1190 3044 1240 3113 luit

162 3166 343 3257 Euanthius
359 3165 542 3251 Sacerdos3
564 3154 680 3234 'verum
704 3168 815 3235 Marii
837 3167 946 3234 Plotii
969 3164 1172 3233 Sacerdote
1193 3186 1239 3234 tt·

256 3258 276 3287 ’.Ι
329 3266 334 3279 ¹
1198 3308 1210 3351 s

216 3400 244 3473 f)
260 3394 335 3475 Adde
351 3412 377 3463 p.
395 3395 447 3449 93:
486 3397 626 3450 Vindecd
655 3398 756 3449 litterae
772 3397 817 3449 tit.
835 3399 852 3450 1
868 3406 940 3451 notat
969 3398 1113 3450 secuudum
1137 3395 1236 3448 codicem

258 3498 306 3532 ms.
327 3517 362 3526 -
391 3484 511 3535 Ceterum
534 3499 638 3550 prorsus
666 3483 773 3535 eandem
802 3484 835 3535 de
853 3484 983 3536 Caesellio
1001 3487 1158 3538 sententiam
1175 3484 1259 3563 doelty

260 3570 426 3621 annotatione
455 3571 572 3623 Osannus
601 3573 720 3638 exposuit
748 3570 830 3622 altero
856 3571 989 3623 volumine
1015 3572 1192 3638 Symbolarun
1210 3565 1234 3618 tl

258 3657 318 3708 hist.
344 3657 393 3710 litt.
417 3657 459 3709 Gr.
489 3667 515 3709 et
543 3660 587 3710 lat.
619 3667 654 3728 (a.
678 3660 745 3712 1839
763 3661 846 3727 edito)
864 3676 889 3726 p.
908 3659 961 3712 ³29
981 3676 1021 3727 sq.
1057 3661 1140 3724 Quem
1158 3661 1232 3711 litun

256 3747 358 3797 tametsi
378 3747 404 3796 in
426 3747 477 3797 line
495 3748 681 3800 dissertationis
700 3755 808 3800 testatus
826 3762 894 3798 eram
921 3763 980 3799 sero
1004 3747 1036 3799 ed
1055 3764 1104 3800 uos
1124 3748 1232 3816 pestana

256 3848 325 3895 esse,
346 3838 384 3900 (ut
403 3833 465 3883 nihil
482 3833 542 3884 iude
560 3836 675 3885 utilitatis
694 3850 788 3900 capere
808 3835 992 3906 potuerimus),
1022 3842 1107 3886 umen
1127 3837 1230 3915 hocpst*

256 3920 343 3987 glecto
372 3923 517 3972 testimonio
548 3938 580 3973 an
607 3923 755 3973 addubitato
781 3922 917 3973 Lerschius
946 3924 973 3973 iu
989 3920 1060 3974 utar.
1084 3925 1163 3991 antiq.
1178 3913 1228 3972 md

254 4026 278 4061 a.
300 4011 365 4063 1811
386 4028 411 4078 ρ.
434 4012 518 4074 1103,
544 4011 587 4062 ubi
618 4013 650 4061 de
670 4010 801 4062 Caesellio
829 4010 915 4060 dedita
932 4025 1011 4077 opera
1028 4026 1111 4079 agens
1127 4009 1229 4083 posiu-
1266 4014 1269 4023 ’

254 4107 359 4165 pugnat,
379 4116 420 4152 me
439 4101 542 4165 scripsit
564 4101 637 4166 sequi
659 4098 797 4150 (isannem.
829 4097 911 4160 Quem
932 4100 1012 4175 iusto.
1026 4084 1226 4177 turchetilli·

255 4201 330 4252 quor,
360 4188 427 4253 quod
450 4187 602 4238 Caesellium
620 4202 666 4252 pro
686 4185 800 4236 Caecilio
829 4186 934 4237 Vindice
953 4187 1028 4237 etiam
1047 4186 1115 4254 apud
1135 4176 1224 4237 cltssn-

253 4271 340 4323 dorum
362 4274 474 4325 Putschii
501 4291 526 4340 p.
548 4275 616 4328 2317
634 4274 819 4324 restituendum
839 4272 925 4324 credo.

189 4357 228 4425 ⁰)
247 4357 395 4429 Quanquam
413 4364 490 4415 etiam
506 4363 533 4415 iu
553 4363 618 4416 Plio.
637 4363 718 4430 Epist.
737 4362 757 4427 1,
778 4362 810 4416 16
828 4361 927 4431 aliquid
945 4370 985 4414 est
1003 4359 1159 4416 huiusmodi·
1179 4356 1190 4424 l
