2872 4942
609 365 800 410 rutnrtrtO·
948 425 953 434 Ι
1199 366 1253 406 XX!

161 534 390 627 cupletiorum
417 535 517 603 fidem
544 557 715 603 auctorum
741 541 766 603 si
794 540 974 630 sequimur,
1002 545 1096 630 capta
1123 539 1254 605 estCo-

159 634 296 701 rinthns
323 661 349 699 a.
367 632 714 730 (5075'sltiompbatum
740 639 893 728 proximo
921 662 1019 706 antro.

264 746 300 808 P.
313 749 377 807 239
402 736 576 827 proposito
602 753 806 850 argumento,
834 754 911 852 quo
925 736 1040 802 Aelii
1061 735 1253 803 Stilonis

160 831 294 899 natales
328 833 421 897 initio
456 834 577 901 saeculi
612 836 746 926 septimi
775 837 923 928 ascripsi,
956 835 1103 928 quod
1075 861 1162 901 eirca
1191 835 1255 901 hoe

162 935 280 1024 ipsum
305 948 435 1021 tempus
461 950 559 1031 naQ
581 933 729 998 Lucilius
756 933 878 999 librum
905 932 1052 1031 aliquem
1073 933 1168 1000 Aelio
1195 932 1256 999 de-

166 1031 322 1109 dicasset,
352 1054 421 1094 non
446 1024 608 1097 debebam
637 1049 760 1097 tantum
788 1035 947 1104 tribuere.
1000 1034 1095 1148 Nam,
1128 1038 1255 1127 utpno

169 1127 329 1221 exemplo
358 1147 440 1208 utar,
476 1154 542 1197 uno
575 1151 608 1196 et
632 1132 863 1222 vigintilqlnnis
889 1135 1010 1201 minori
1033 1136 1134 1198 Bruto
1161 1157 1256 1202 suum

171 1229 214 1295 de
241 1228 428 1295 oratoribus
453 1227 577 1294 librum
597 1231 718 1296 Cicero
746 1229 920 1297 dedicavit.
952 1238 1025 1318 Quo
1052 1249 1162 1296 tamen
1190 1254 1257 1296 non

168 1327 360 1419 infringitur
389 1327 516 1419 reliqua
545 1331 784 1420 argumentatio
810 1349 920 1396 nostra
949 1332 992 1397 ad
1019 1330 1151 1396 Aelium
1179 1354 1258 1420 per·

168 1427 291 1492 tineus.
305 1425 573 1492 -Aelianas
600 1446 709 1493 autem
735 1428 1022 1497 fabulasPlauti
1041 1430 1137 1494 XXV
1165 1427 1287 1513 (lieet.

168 1527 260 1593 enim
288 1526 567 1592 Varronianaium
604 1526 757 1618 exemplo
784 1528 974 1620 appellare)
1003 1527 1135 1596 ostendi
1157 1557 1186 1617 p
1198 1543 1259 1628 12ss

170 1625 232 1711 (cs.
253 1641 362 1690 annot.
383 1623 501 1714 putto)
529 1643 662 1718 praeter
688 1644 851 1716 quattuor,
877 1629 919 1692 de
947 1630 1067 1721 quibus
1093 1618 1260 1693 noneou·

171 1741 247 1803 stet,
282 1721 414 1789 easdem
449 1751 519 1790 esse
551 1745 650 1816 atque
686 1727 773 1816 ipsas
798 1728 1020 1794 Varronianus
1047 1726 1138 1791 XXI.
1179 1723 1260 1811 §etl

169 1825 271 1889 etiam
302 1821 432 1888 illarum
469 1842 628 1915 quattuor·
657 1823 772 1889 saltem
809 1852 872 1890 una
913 1829 1101 1893 etiamnunc
1127 1825 1260 1891 videtur

170 1923 361 2014 investigari
385 1946 495 2013 posse,
514 1948 539 1987 s1
531 1921 1004 2007 eandem1atiocinationem,
1032 1951 1128 2018 quam
1147 1941 1260 1990 annot.

172 2053 206 2112 p,
222 1976 310 2093 mu
307 2045 357 2112 sq.
381 2021 497 2088 Servio
526 2020 710 2112 Opilioque
738 2022 957 2105 adhibuimus,
995 2023 1259 2092 transtulerimus

175 2119 230 2186 adv
245 2118 384 2185 Aelium.
414 2123 496 2187 Nam
521 2123 545 2186 si
572 2139 829 2187 consentaneum
853 2143 940 2190 esta
968 2124 1125 2189 Plautinis
1153 2145 1261 2212 gram-

177 2220 307 2286 maticis
335 2243 389 2285 eas
415 2221 621 2312 potissimum
648 2219 1035 2301 sabulastraetatasesse,
1063 2221 1105 2285 de
1121 2244 1262 2312 quarum

157 2317 243 2385 -fide
277 2317 358 2409 ipsis
389 2344 595 2412 persuasum
615 2336 712 2399 esset,
743 2344 810 2386 non
834 2341 959 2388 temere
986 2320 1176 2414 videbimur
1197 2341 1261 2408 pro

173 2416 316 2484 Aeliana
330 2416 443 2482 Facu
456 2444 521 2482 era
534 2419 582 2484 tri
595 2443 678 2482 cem
703 2420 828 2484 babere
843 2437 983 2512 propter
996 2421 1087 2486 Festi
1106 2444 1143 2483 ea
1162 2417 1263 2482 verba

176 2542 267 2606 quae
288 2517 541 2608 perscripsimus
565 2545 595 2606 p,
611 2533 682 2589 366.
699 2519 847 2583 -Festi
874 2539 983 2584 autem
1009 2522 1043 2584 in
1061 2518 1119 2584 illo
1139 2541 1264 2608 genere

181 2617 347 2692 universo,
380 2615 471 2706 quod
506 2610 676 2706 persecuti
710 2643 820 2683 sumus
852 2646 881 2705 p.
896 2633 967 2698 149,
1005 2643 1044 2684 eo
1080 2617 1266 2709 graviorem

187 2714 328 2803 appar‘et
347 2710 571 2780 'autoritatem
600 2739 682 2795 esse,
710 2739 776 2807 quo
805 2717 950 2782 certiore
970 2733 1164 2808 argumento
1183 2713 1263 2799 (vid.

185 2827 301 2878 annot.
328 2810 445 2900 pant)
484 2811 694 2879 intellectum
728 2832 777 2880 est
816 2813 1041 2882 plautinarum
1083 2813 1265 2907 glossarum

178 2909 399 3001 scriptoribus
418 2914 576 2979 Verrium
601 2938 675 2978 esse
701 2939 805 2979 usum.
819 2948 866 2961 -
879 2915 1039 2980 Ceterum
1067 2914 1166 2979 satius
1187 2911 1268 2976 duxi

180 3007 316 3074 silentio
344 3028 376 3075 et
401 3011 469 3076 illic
497 3027 655 3099 etp,358,
678 3029 741 3084 367
755 3016 1031 3104 praetermittere,
1061 3011 1152 3105 qnod
1167 3008 1265 3075 Aelio

180 3133 252 3174 non
273 3124 397 3174 tantum
413 3115 674 3175 commentarios
688 3109 730 3175 de
740 3111 878 3197 sabulis
891 3113 1074 3191 Plautinis,
1096 3109 1154 3176 sed
1170 3113 1268 3174 etiam

181 3206 290 3273 libros
314 3205 358 3271 de
383 3207 503 3299 lingua
529 3209 640 3273 latina
664 3210 715 3275 vel
742 3210 824 3276 adeo
850 3211 894 3276 de
917 3214 1144 3302 grammatica
1154 3209 1267 3275 letina

181 3307 225 3371 H.
250 3308 409 3398 Meyerus
444 3327 494 3374 et
510 3308 579 3373 eius
605 3311 739 3400 vestigia
765 3335 921 3402 premens
951 3309 1140 3378 Ellendtius
1163 3309 1269 3374 tribu-

189 3422 283 3471 erunt
308 3407 344 3470 in
370 3407 439 3472 Cic
464 3409 553 3472 Brut.
578 3408 606 3495 §.
637 3406 715 3476 ’169

281 3517 388 3578 P,251
415 3525 448 3573 et
471 3535 501 3596 p.
513 3522 575 3579 257
610 3531 693 3598 qnos
725 3509 822 3598 posui
855 3531 1016 3574 annorum
1042 3505 1114 3575 695
1142 3524 1174 3570 et
1197 3503 1268 3573 609

165 3601 354 3686 aediles
382 3606 419 3672 C.
446 3605 646 3672 Cosconium
673 3625 705 3671 et
730 3609 769 3671 D.
790 3607 920 3672 Iunium
943 3606 1091 3672 Silanum
1112 3605 1270 3669 Lucium-

181 3727 251 3794 que
270 3703 448 3769 Hostilium
462 3704 643 3783 Tubulum,
670 3730 726 3771 eos
750 3731 825 3772 sero
852 3704 1000 3771 intellexi
1021 3702 1269 3772 commenticios

182 3826 261 3867 esse
295 3819 333 3867 ut
365 3801 446 3868 alios
471 3802 570 3897 longe
596 3803 757 3896 plurimos
781 3831 798 3869 a
822 3804 937 3896 Pighio
964 3804 1109 3869 fidenter
1137 3801 1269 3867 effictos.

183 3901 291 3967 Cuius
330 3904 390 3968 etsi
429 3926 469 3966 eo
508 3903 540 3967 iu
576 3927 697 3995 genere
726 3901 823 3968 valde
858 3905 1068 3968 temerariam
1103 3900 1272 3966 licentiam

180 3999 322 4066 minime
345 4001 547 4093 ignorabam,
579 4021 690 4068 tamen
715 4024 783 4068 non
806 4019 956 4093 putaram
983 4000 1125 4067 similem
1145 3997 1272 4064 libera-

181 4098 311 4164 litatem
348 4103 417 4165 eius
457 4099 538 4177 sore,
571 4103 633 4191 qui
662 4101 841 4191 Pighianae
876 4100 955 4166 fidei
983 4125 1059 4166 acer
1094 4100 1272 4212 exaptator

183 4221 327 4264 exorsus
366 4199 449 4264 haec
485 4198 527 4263 de
562 4225 597 4265 se
627 4200 795 4316 professus
823 4218 908 4265 esset
934 4198 1092 4265 consolita
1097 4198 1272 4311 orptionis

180 4296 365 4390 elegantit:
390 4299 533 4390 Itaque
556 4304 696 4365 nomina
721 4304 759 4365 iu
781 4295 951 4367 Aedilium
977 4323 1049 4364 non
1074 4272 1272 4365 nbtatorum
