2872 4942
394 380 535 427 turrile
562 380 804 429 retenturus.
1068 354 1141 433 603

366 649 889 719 Erlutnrnvttn

507 844 701 861 μωσιν-..και

158 1020 352 1112 Pergratum
379 1035 412 1085 ct
437 1020 534 1087 nobis
561 1019 601 1089 G.
628 1020 892 1085 Hermannus
918 1018 996 1085 fecit
1022 1034 1056 1086 et
1080 1041 1144 1088 nos

59 1135 179 1203 secturi
213 1135 283 1202 aliis
318 1133 471 1203 videmur
504 1135 677 1228 proposita
710 1135 774 1200 bac
808 1148 907 1227 qu'am
939 1112 1142 1202 subiecimus

58 1252 284 1318 Terentianae
311 1275 432 1316 scenae
471 1251 734 1320 conformatione
767 1274 835 1316 non
860 1251 976 1342 paucis
1000 1253 1037 1320 in
1058 1249 1141 1320 locis

58 1390 123 1432 nec
148 1365 274 1433 levibus
300 1367 334 1430 in
361 1366 463 1431 rebus
488 1383 621 1432 nostrae
659 1364 819 1435 dissimili.
880 1346 1143 1460 Heliebnntigi'-

58 1498 129 1560 tur,
156 1483 183 1547 si
209 1482 256 1548 sas
282 1498 331 1548 est
357 1479 493 1559 dicere,
518 1480 608 1575 quod
637 1481 755 1549 collata
781 1480 953 1574 utriusque
979 1485 1143 1551 sententia

59 1595 200 1689 singulis
222 1598 257 1666 in
283 1595 368 1663 locis
395 1596 549 1689 deligant,
570 1597 597 1664 si
623 1600 682 1690 qui
706 1594 745 1663 iri
769 1599 972 1664 comicorum
997 1597 1143 1666 lectione
1248 1598 1251 1604 ’

58 1715 187 1781 naviter
211 1714 331 1780 versati
364 1712 430 1779 huc
464 1712 579 1780 volent
608 1714 753 1782 animum
786 1712 967 1808 applicare.
1029 1717 1143 1785 Vnum

58 1845 186 1897 tantum
212 1826 374 1920 quiddam
399 1806 585 1896 defendere
610 1829 711 1896 liceat
732 1830 774 1896 ab
795 1829 985 1898 Hermanno
1012 1831 1142 1924 impro-

56 1943 188 2010 batum:
222 1968 290 2010 non
318 1963 530 2037 exaequatam
552 1971 601 2013 vv.
631 1951 685 2013 11.
714 1951 758 2020 12
780 1969 999 2014 numerorum
1024 1972 1143 2040 perso-

57 2082 245 2151 narumque
272 2060 495 2130 mutationem.
544 2061 615 2127 Etsi
636 2061 726 2126 enim
751 2061 924 2154 utriusque
950 2062 1141 2130 mutationis

57 2165 277 2255 consociatio,
305 2176 363 2244 ubi
389 2176 444 2255 fit,
471 2200 550 2242 sane
579 2194 614 2242 et
639 2175 813 2243 commode
837 2176 876 2243 fit
904 2196 937 2244 ct
960 2176 1140 2271 eleganter,

57 2307 171 2358 tamen
193 2287 237 2356 de
273 2292 467 2357 necessitate
502 2290 628 2360 dubito.
694 2291 772 2357 Non
805 2291 891 2359 adeo
917 2317 994 2361 raro
1020 2292 1068 2374 ad,
1089 2293 1142 2361 di·-

57 2430 190 2472 versum
216 2408 314 2474 metri
340 2432 442 2499 genus
469 2410 626 2476 transitur
649 2409 684 2474 in
698 2408 792 2473 unius
811 2408 1030 2503 eiusdemque
1056 2435 1141 2502 per-
1203 2450 1209 2461 ·

56 2544 159 2587 sonae
197 2522 405 2591 sermonibus
433 2542 468 2589 et
492 2521 618 2615 aliquot
650 2522 763 2590 verbis
795 2486 873 2616 pist
901 2550 1000 2617 quam
1026 2551 1064 2592 ea
1084 2548 1142 2592 res

48 2622 112 2703 'vel
139 2638 250 2703 evenit
272 2635 326 2704 vel
354 2654 653 2725 commemoratur,
691 2663 777 2731 quae
812 2664 925 2707 caussa
947 2660 997 2708 est
1020 2666 1142 2709 nume·

55 2774 173 2823 torum
196 2752 439 2822 mutandorum.
489 2752 595 2820 Velut
619 2753 767 2821 Andriae
793 2755 835 2836 II,
864 2763 896 2838 1,
924 2756 985 2825 182

129 2894 132 2899 ·
206 2889 263 2936 ΡΑ.
292 2862 480 2938 Charinum
507 2867 613 2936 video.
631 2867 742 2939 ‚cdlvc
778 2893 836 2937 en.
863 2893 884 2938 ο
909 2871 1013 2953 salva,
1034 2868 1142 2941 Pa'm-

645 2985 755 3077 phile:

120 3080 123 3085 .
157 3093 225 3167 'Ad
244 3116 279 3168 te
304 3099 465 3178 advenio,
491 3095 596 3195 spem,
621 3101 790 3177 salutem,
817 3096 1015 3181 cdnsilinm,
1040 3107 1142 3172 auxt-

648 3217 728 3285 lium
753 3213 926 3312 e'oepctens.

55 3329 166 3404 Andr.
192 3331 250 3412 IV,
279 3337 308 3411 l,
336 3330 400 3400 26:

158 3447 311 3518 Habeas.
340 3473 393 3519 ΡΑ.
420 3448 585 3517 habeam?
610 3448 654 3514 ala
681 3443 791 3515 ndscis
815 3453 952 3540 quantis
979 3442 1020 3519 in
1042 3449 1140 3518 malis

652 3561 768 3633 verser
792 3571 911 3654 miser,

211 3678 436 3775 Quantasque
458 3677 513 3746 hic
533 3684 603 3748 suis
628 3673 780 3751 consilius
805 3683 888 3751 milri
904 3675 1056 3770 conficit
1073 3679 1143 3753 sol·

651 3766 866 3887 lt'citn'dinesiu

49 3909 208 3981 Eunuch.
235 3911 277 3990 V,
304 3911 337 3989 8,
366 3910 435 3980 19:

207 4024 317 4093 Serva
338 4021 478 4093 dbsecro
501 4024 586 4092 llaec
608 4024 700 4093 dona
722 3998 914 4096 nobiss'm.
930 4027 970 4109 di
994 4024 1145 4096 vostra'm

158 4138 160 4144 '
641 4141 766 4238 fidem,
794 4137 1011 4217 incredibilia

156 4253 331 4326 Parmeno
359 4257 459 4325 nendo
481 4253 567 4352 quari
592 4263 758 4330 narravit.
781 4254 833 4328 sc't
852 4258 911 4328 ubi
927 4276 980 4327 est
989 4256 1141 4350 frater?

645 4396 701 4441 cn.
723 4369 863 4467 pradsto
882 4374 997 4448 aden.

1179 4442 1388 4640 U
