2872 4942
154 351 203 425 26
404 368 495 421 tana
524 368 641 411 ratvrt
669 367 796 411 noerae
823 366 1015 409 nortuum.

158 543 349 613 identidem
367 542 597 608 annotatione
628 565 687 606 sua
716 492 905 605 Muellerus
940 537 1071 603 monuit
1092 552 1131 601 ut
1154 536 1245 613 VIII,

158 659 216 731 526.
251 656 340 727 Vide
364 658 439 738 VII,
466 658 522 725 52.
547 656 607 737 VI,
630 656 692 723 55:
737 652 781 719 ab
806 650 927 719 eodem
948 653 1091 739 falli,
1114 652 1179 717 red
1205 668 1247 717 et

150 776 327 863 falsam
352 788 386 838 et
401 772 614 860 fallacia.
642 805 690 819 -··
714 771 876 837 Ceterum
901 766 985 833 nihil
1011 768 1081 835 vitii
1102 766 1147 835 de
1159 760 1246 835 Var-

157 892 249 959 roais
275 889 385 958 verbis
412 887 585 979 disputans
610 884 834 954 Sverdsioeus
859 910 893 978 p.
907 881 955 955 26
980 885 1250 993 suspicatus-eat.¹

663 1084 694 1170 §-
720 1081 755 1151 a.

259 1229 374 1319 Longe
413 1227 590 1293 obscurior
626 1222 731 1289 altera
762 1216 828 1291 est
848 1222 1064 1290 Varronis
1088 1218 1251 1287 memoria

161 1340 221 1415 tib.
246 1343 321 1421 Vll,
351 1338 420 1411 104
445 1342 492 1407 Μ.
515 1367 548 1432 p.
575 1340 644 1410 381
674 1341 754 1430 Sp„
792 1364 894 1443 guam
919 1339 977 1430 qui
1002 1336 1094 1405 volet
1118 1335 1251 1429 penittu

163 1456 328 1548 expedire
355 1475 456 1549 atque
485 1480 561 1523 cum
586 1452 775 1547 pulvisculo
796 1448 838 1520 'ut
859 1455 951 1521 aiunt
973 1453 1161 1529 exhaurire,
1187 1464 1253 1515 nee

117 1660 121 1668 ¹
161 1571 289 1664 vulgari
315 1572 469 1638 ao'urnine
493 1569 608 1663 yaleat
638 1585 773 1662 oportet
807 1590 871 1634 nec
893 1591 1078 1659 paucorum
1096 1578 1254 1633 terrun·

164 1685 392 1779 disputatione
418 1668 650 1779 perfungatur.
701 1684 771 1751 Nos
806 1683 944 1776 quidem
975 1702 1008 1751 et
1043 1682 1257 1775 opinabimur

164 1802 267 1894 magis
291 1826 391 1893 quam
415 1800 652 1866 affirmabimus
688 1800 805 1887 (modo
840 1826 882 1866 ne
916 1790 1061 1894 argutari
1087 1816 1122 1865 et
1146 1797 1256 1863 hario-

164 1913 229 1981 lari
254 1913 454 1999 indieemur)
483 1932 516 1981 et
540 1917 737 1983 arctioribus
753 1917 875 1981 linibus
900 1914 995 2008 quod
1020 1917 1084 1980 iam
1111 1910 1258 1979 conseri·

164 2030 317 2097 bendum
356 2029 507 2099 videmus
550 2049 651 2124 caput
689 2027 966 2123 ἀπορηματικόν
1000 2029 1254 2097 continebitnua.

169 2145 287 2238 Itaque
314 2144 408 2238 quod
431 2145 454 2216 l.
480 2171 509 2212 c.
535 2144 700 2232 edebatur
728 2164 804 2212 ante
829 2144 1035 2214 Muellerum
1053 2146 1111 2239 M.
1132 2139 1258 2210 Accius

166 2265 205 2328 t'n
232 2260 363 2327 Carina
385 2265 422 2326 in
434 2261 650 2351 fringuilla:
698 2261 791 2352 Quid
815 2260 1020 2352 jiu'ngutis?
1058 2257 1260 2355 quid-'istuc

167 2392 240 2443 tam
264 2376 392 2469 cupide
406 2377 522 2470 petis?
562 2376 608 2456 id,
635 2378 663 2442 si
685 2377 772 2443 ultra
797 2402 865 2444 non
887 2374 1158 2469 progrediamur,
1199 2398 1262 2440 nee

156 2514 232 2585 ¹per
266 2516 300 2557 ae
333 2495 514 2587 quicquain
547 2491 741 2560 offensionis
768 2493 879 2572 habet,
921 2516 986 2560 neo
1018 2492 1058 2556 iis
1093 2514 1181 2583 quae
1217 2491 1261 2559 de

146 2596 275 2671 ''Plauti
299 2624 418 2696 poetae
442 2607 633 2674 nominihus
671 2606 782 2676 adhuc
804 2606 1041 2701 disputavimus
1068 2605 1137 2674 ullo
1165 2626 1262 2700 paeto

167 2737 342 2813 repugnat
392 2720 527 2815 Ecquid
557 2724 646 2788 euim
666 2721 830 2801 audaculi,
856 2724 893 2788 in
915 2747 1014 2788 uuam
1035 2746 1154 2790 vocem
1174 2720 1262 2791 litte-

170 2834 218 2901 ris
244 2837 430 2903 coniunctis
455 2839 611 2903 Maccius
634 2839 830 2929 reponere?
855 2839 967 2930 Atque
992 2856 1048 2904 aut
1071 2838 1136 2904 hoo
1153 2810 1264 2930 ipsum

172 2970 229 3018 aut
253 2950 412 3024 Manius,
447 2952 602 3035 Matius,
638 2955 790 3018 Martius
816 2951 895 3019 libri
923 2971 1053 3030 tenent,
1090 2976 1162 3018 nou
1186 2952 1265 3017 bina

174 3068 319 3137 nomina.
368 3067 478 3150 Quid?
505 3069 599 3160 quod
625 3093 669 3136 ue
695 3069 776 3135 serri
802 3069 943 3162 quidem
968 3067 1060 3160 apud
1077 3067 1271 3134 Varronem

174 3182 275 3248 istum
301 3183 488 3249 antestandi
499 3183 606 3251 Plauti
631 3184 768 3251 modum
794 3210 895 3277 posse
922 3178 1024 3276 supra
1040 3181 1192 3251 vidimus.
1216 3181 1271 3261 At,

177 3299 296 3390 inquit,
324 3302 616 3393 convenientiusne
643 3304 678 3367 iu
695 3288 856 3368 Varronis
884 3298 1160 3367 consuetudinem
1184 3297 1280 3364 illud

181 3432 239 3493 est,
269 3431 305 3480 ut
330 3412 486 3482 Μαοοίιιι
510 3441 574 3507 pro
599 3413 727 3485 Plauto
750 3415 964 3510 appelletur?
994 3417 1071 3482 Non
1097 3432 1147 3480 est
1172 3437 1271 3479 vero:

181 3544 282 3620 atque
306 3529 350 3594 ob
376 3529 413 3595 id
437 3531 547 3621 ipsum
575 3533 739 3600 occultior
775 3530 940 3625 quaedam
970 3532 1054 3597 ratio
1091 3529 1281 3596 verborum

180 3643 466 3719 Varronianorum
487 3644 588 3714 lateat
614 3666 758 3741 oportet.
808 3648 957 3713 Latuisse
986 3665 1062 3713 ante
1088 3671 1183 3711 suam
1210 3645 1284 3711 sci·⁴

180 3758 262 3827 lieet
286 3755 565 3830 'emendationem
596 3765 842 3831 recentissimus
876 3762 986 3829 editor
1010 3761 1165 3853 putabat:
1190 3782 1285 3852 quae

184 3897 221 3945 ut
245 3876 354 3971 qualis
380 3858 517 3945 taudem
544 3880 585 3946 sit
608 3880 841 3973 perspiciatur,
865 3877 979 3973 paullo
1006 3875 1102 3943 altius
1123 3872 1193 3941 Ioci
1216 3875 1291 3939 huae

184 3994 236 4061 ius
266 3994 412 4061 universi
440 3998 584 4062 rationes
617 3993 826 4089 repetendae
858 4011 944 4060 sunt.
995 3976 1135 4059 Dixerat
1167 3990 1286 4056 Varro

188 4109 294 4175 multa
332 4108 376 4174 ab
407 4113 605 4177 animalium
638 4106 773 4203 vdcibus
794 4111 927 4177 tralato
948 4133 1020 4175 esse
1048 4111 1086 4172 in
1113 4105 1293 4185 homines,

183 4229 312 4317 partim
335 4247 422 4317 quae
450 4244 561 4294 essent
585 4242 717 4318 aperta,
740 4230 869 4318 partim
883 4224 1037 4291 abactae.
1076 4222 1194 4314 Itaque
1223 4244 1300 4287 exa

186 4363 295 4437 orsus·
322 4369 339 4408 a
370 4347 556 4434 perspicuis
593 4345 770 4410 transierat
791 4343 833 4409 ad
859 4346 971 4407 natatus
993 4353 1117 4431 aperta
1142 4336 1312 4444 horupa:
