2872 4942
392 384 645 428 uosrscttmis
673 383 867 430 catartaria.
1096 359 1169 436 459

176 551 247 623 1Τιι.
273 551 477 644 Dic[edom,
501 574 535 624 te
556 554 722 635 ebsecro,
751 554 798 624 mr'
821 557 942 648 Simo‚]
971 554 1173 654 qaid[nam]p
1268 541 1316 644 ““

577 674 616 741 id
636 673 751 761 ΜΡ)
1292 675 1296 685 ’

135 783 185 852 ies
211 805 279 852 tam
304 790 496 869 necessario
523 791 583 857 hos
611 816 725 858 omnes
752 805 923 858 sermoties
938 791 1027 858 inter
1043 817 1079 856 se
1099 791 1171 857 vin-

135 904 156 969 o
180 906 323 971 invicem
360 931 529 972 connexos
558 933 650 989 esse,
689 925 726 972 ιιι
758 907 850 975 nullo
885 928 983 1001 pacto
1022 907 1171 1000 dirumpi

135 1023 252 1086 criecta
291 1022 519 1114 Theuropidis
563 1023 797 1092 inclamatione
836 1025 1084 1117 Tranionisque
1116 1047 1171 1087 re-

135 1158 204 1201 mso
231 1139 369 1228 possint.
437 1139 479 1204 Et
515 1156 551 1204 ut
585 1143 732 1232 potuisse
764 1138 971 1232 interpellari
994 1137 1178 1231 largiamur¹

135 1249 189 1316 ius
223 1278 321 1344 quam
351 1250 593 1320 concedamus:
630 1257 731 1321 atita
764 1258 821 1349 qui
855 1254 992 1322 tandem
1022 1256 1096 1337 fiat,
1134 1274 1172 1322 ut

136 1364 162 1428 il
191 1391 317 1451 corum,
346 1394 431 1461 quae
456 1370 545 1435 iuter
570 1396 702 1437 servum
729 1388 761 1435 et
788 1397 880 1436 erum
902 1389 1048 1463 agantur,
1074 1371 1166 1438 Simo

135 1480 337 1566 madvertat,
363 1470 424 1551 'vel
450 1486 477 1551 si
511 1486 800 1567 animadverterit,
837 1502 906 1552 nob
932 1485 1042 1580 aliquo
1069 1484 1170 1554 modo

135 1647 380 1662 ...bk-

135 1721 160 1786 ⁵)
182 1721 264 1772 Versu
277 1704 315 1770 '31
335 1727 364 1770 ut
381 1718 481 1786 aliquid
501 1719 630 1771 excidisse
648 1719 782 1785 credatur,
812 1729 838 1771 et
855 1721 956 1772 numeri
974 1719 1089 1788 flagitant
1108 1734 1171 1772 saus

185 1823 212 1866 ct
230 1815 374 1865 scatentia:
399 1814 444 1865 scd
465 1817 548 1880 potuit
566 1815 592 1866 id
610 1815 741 1883 aliquanto
760 1817 842 1866 miuus
861 1831 928 1867 csse.
964 1814 1125 1881 Namstsifl
1155 1845 1171 1857 -

184 1912 270 1962 manni
290 1911 433 1962 auctoritati
453 1911 503 1961 boc
522 1911 664 1974 tribuimus,
684 1919 712 1962 ut
729 1920 890 1963 tetramctms
910 1927 988 1979 supra
1009 1892 1115 1963 describ
1160 1943 1170 1954 ·

187 2023 263 2070 mus,
293 2014 378 2057 tamea
399 2008 424 2057 id
443 2008 478 2086 ita
497 2015 593 2059 tantum
619 2008 747 2072 fecimus,
781 2016 808 2058 ut
826 2015 1081 2074 possetetramctros
1102 2000 1172 2072 ἄιε,

186 2117 238 2152 noa
255 2109 284 2152 ut
303 2117 353 2153 non
376 2117 453 2168 posse
471 2118 523 2152 non
545 2118 604 2153 csse
622 2103 835 2170 significaremus.
872 2103 900 2154 lu
914 2110 1034 2169 promptu
1048 2110 1089 2153 est
1103 2103 1172 2153 caim

186 2196 219 2247 de
237 2195 319 2248 altero
341 2196 386 2247 iilo
405 2213 525 2248 versuum
547 2212 644 2264 genere
664 2200 794 2265 cogitare,
825 2197 892 2265 quod
912 2213 927 2248 e
948 2197 1055 2248 dimetro
1075 2197 1171 2248 cretico

187 2301 213 2344 et
230 2293 340 2358 tripudia
360 2292 490 2343 trochaica
511 2291 662 2344 catalectica
683 2294 852 2360 compositum
874 2295 952 2344 toties
979 2294 1005 2343 in
1026 2293 1075 2344 hac
1093 2307 1172 2345 sccna

186 2390 289 2440 creticis
309 2389 462 2440 tetrametris
480 2389 584 2439 mixtum
606 2396 654 2441 cst.
700 2391 786 2457 Atque
803 2389 835 2440 ad
854 2389 921 2440 banc
937 2388 1045 2441 sormam
1068 2404 1172 2441 uersum

190 2486 292 2554 quidem
313 2486 346 2536 31
367 2485 446 2552 longa
464 2484 529 2535 adeo
550 2485 709 2552 probabilius
729 2487 911 2542 revocaveris}

221 2583 300 2646 Quo'm
319 2598 357 2631 ms
376 2580 474 2632 laudas.
513 2581 563 2633 Tit.
584 2581 749 2634 dccetcerta.
787 2582 831 2633 SI.
854 2582 902 2654 [at]
923 2580 1011 2631 bercls
1027 2588 1070 2633 te:

187 2692 246 2727 nam
265 2676 346 2727 babeo
366 2678 392 2726 in
414 2676 485 2727 tibris
507 2677 620 2728 additum
639 2676 704 2728 nulii
722 2678 780 2748 usui
802 2685 858 2729 est:
886 2676 998 2728 additum
1013 2684 1041 2728 ut
1058 2684 1121 2743 puto
1139 2674 1173 2741 ab

185 2773 346 2838 interprete,
369 2774 411 2839 qui
432 2772 514 2822 hoca
536 2773 640 2824 Simone
659 2774 715 2824 sira
736 2772 787 2824 dici
806 2774 862 2824 sive
881 2773 1018 2824 dicendum
1037 2772 1118 2823 inissa
1136 2772 1173 2823 si-

139 2877 141 2880 ⁴
187 2868 312 2936 gnificaro
332 2867 432 2918 veliet:
453 2877 477 2919 ts
495 2868 565 2918 barm
583 2869 673 2919 bonum
692 2886 791 2920 saraam
809 2869 899 2920 babeo.
927 2868 995 2939 (Nou
1013 2867 1172 2935 probabilius

189 2963 239 3015 hoc
258 2971 372 3026 tautum,
391 2963 436 3017 sed
456 2965 646 3014 necessarium:
674 2964 776 3031 quando
794 2965 820 3014 in
838 2964 927 3016 ultimo
945 2964 1012 3030 pede
1032 2966 1076 3014 vix
1094 2977 1187 3030 posae-

189 3059 298 3110 mediam
316 3057 441 3124 syllabam
459 3057 563 3125 longam
590 3058 695 3109 defendi
713 3059 873 3110 Hermaaaus
899 3060 1018 3127 monuit.)
1054 3090 1088 3100 -
1118 3057 1173 3110 Neo

188 3153 320 3205 difficilius
342 3153 432 3205 cadem
451 3154 531 3203 forma
552 3156 651 3206 restitui
673 3155 790 3221 proximo
808 3155 894 3206 versui
915 3155 1027 3222 poteritt

226 3251 297 3301 Haut
314 3249 405 3301 bonum
427 3253 499 3300 tenea
520 3266 625 3301 servom.
666 3250 729 3318 [Tb.
750 3251 863 3314 obsecro,
886 3251 946 3318 quid
964 3249 1037 3319 est?]

191 3345 294 3413 dequo
315 3353 400 3396 tamea
426 3360 530 3411 prorsus
557 3344 704 3412 ambiguum
730 3345 867 3397 iudicium:
897 3360 950 3396 aon
974 3347 1037 3397 itcm
1059 3354 1173 3397 extremo

189 3443 301 3508 poterit,
331 3442 391 3508 quia
411 3441 447 3490 ita
464 3441 509 3493 vix
530 3439 584 3491 ullo
604 3440 680 3493 modo
699 3440 817 3507 dactylus
836 3441 957 3495 vitabitur
984 3457 1032 3510 pro
1051 3441 1174 3494 trochaeo

187 3538 298 3608 positus,
316 3535 389 3587 velut

225 3634 373 3707 Dic[edam‚
392 3641 416 3683 te
435 3632 548 3696 obsecro,
569 3632 634 3699 qao'd
651 3633 749 3706 solet]
776 3634 858 3700 quid
882 3634 919 3684 t'd
950 3634 1006 3685 cst?

191 3730 310 3780 Getarum
329 3743 360 3778 eo
380 3743 458 3778 versu
478 3743 555 3794 supra
572 3729 705 3794 posuimus
729 3729 798 3795 quod
827 3721 1043 3796 simplicissimum
1062 3725 1172 3777 videba-

191 3832 240 3875 tur.
286 3824 457 3880 *Potueramus
488 3825 582 3875 ctiam:
611 3824 663 3875 Dic
690 3825 773 3898 [modo
787 3826 863 3887 „nisi
882 3825 928 3876 riti
944 3822 1170 3892 incommodarum]

192 3920 314 3986 quidnam
330 3919 358 3970 td
378 3919 435 3971 cst?
471 3920 535 3970 Nam
553 3918 692 3971 Guneraai
713 3920 815 3986 quidem
835 3918 941 3986 languet
958 3920 1104 3969 iuventam:
1122 3918 1175 3969 otc

193 4015 293 4083 [ipitaa
312 4014 380 4080 qaod
395 4015 459 4067 solat
474 4015 543 4083 fiam]
564 4030 587 4080 q.
607 4015 625 4065 ι’.
639 4031 682 4065 a:
702 4028 751 4064 uec
769 4014 820 4064 sart
840 4013 915 4065 talem
932 4013 1114 4080 repetitionem
1132 4012 1174 4064 io-

188 4109 262 4163 doles
291 4109 417 4163 Plautina.
466 4108 586 4166 Ceterum
608 4108 724 4175 dicacium
749 4107 828 4161 babes
858 4108 923 4163 liud.
943 4109 986 4174 iV,
1005 4107 1032 4172 t,
1053 4110 1111 4159 112.
1142 4139 1177 4148 -

194 4206 259 4258 Suot
277 4214 362 4256 autem
383 4205 553 4283 haecomnia
572 4213 664 4272 suapte
682 4213 773 4260 natura
792 4206 899 4257 incerta.
950 4204 986 4256 Vt
1010 4220 1109 4255 rursum
1129 4203 1178 4255 do-

191 4300 295 4354 tendum
315 4302 349 4352 sit
366 4303 392 4353 iu
410 4278 459 4353 bac
477 4317 581 4370 quoque
598 4301 760 4352 Ambrosiani
780 4301 884 4368 pagina,
902 4314 969 4367 quac
987 4299 1034 4366 111,
1055 4299 1124 4364 2,17
1143 4298 1175 4354 ad

188 4397 223 4448 34
242 4397 335 4462 tenuit,
355 4397 484 4465 boiisoa
501 4413 590 4450 unum
602 4396 704 4467 quidam
722 4395 828 4450 verbum
846 4394 899 4465 icgi
919 4410 1006 4467 possa.
