2872 4942
379 321 406 362 v.
431 320 471 361 ur
501 319 605 361 serta
634 319 798 362 ratnvnnt
828 317 990 361 asamona.
1155 294 1226 365 351
1312 364 1322 377 .

148 490 249 555 barat:
287 489 322 556 id
354 491 446 582 quod
484 493 526 557 dc
561 496 599 576 Q.
628 492 731 559 Fabio
758 492 914 557 Labeone
947 493 1056 558 Livius
1083 491 1233 584 prodidit

149 606 323 694 XXXVII,
343 605 388 674 60
408 609 644 688 ctXXXVlll,
663 607 718 676 47.
745 605 885 672 Accedit
905 607 1086 698 quodcum
1109 608 1235 701 aliquot

148 740 226 787 ante
249 723 342 786 annis
360 724 398 804 Q.
409 723 574 791 Minucius
584 722 685 789 Rufus
701 740 733 786 et
746 724 780 786 P.
792 720 969 787 Cornelius
981 720 1095 812 Scipio
1107 725 1235 800 Nasica,

147 857 218 903 tum
236 835 347 930 paullo
368 855 443 928 post
459 841 504 903 M.
522 836 656 904 Fulvius
670 833 824 902 Nobilior
846 851 877 901 et
901 836 962 901 Cn.
977 835 1121 902 Manlius
1131 836 1235 904 Vulso

145 954 318 1021 nonsatis
344 952 436 1045 digni
462 953 621 1044 triumphi
656 952 785 1021 honore
820 952 924 1018 habiti
958 933 1034 1017 sunt
1066 971 1165 1045 atque
1197 979 1237 1019 ex

148 1086 250 1163 parte
278 1092 344 1135 non
371 1070 443 1137 sine
465 1070 628 1136 acerrima
654 1068 868 1137 contentiooe
899 1068 1236 1160 pervicacissimaque

151 1183 421 1252 adversariorum
447 1186 667 1277 repugnantia
706 1181 749 1248 ad
773 1180 867 1248 illum
895 1200 1132 1249 accesserunt.
1168 1185 1239 1250 Do-

149 1296 234 1367 inde
261 1317 393 1377 autem,
424 1318 458 1365 ut
486 1326 504 1365 a
539 1299 784 1391 triumphorum
811 1295 854 1362 ad
878 1297 1125 1390 magistratuum
1150 1301 1240 1390 peti·

151 1415 280 1483 tionem
308 1416 493 1481 orationem
519 1432 699 1479 vertamus:
737 1414 800 1480 etsi
830 1411 872 1478 de
906 1414 1030 1478 ambitu
1054 1412 1144 1506 leges
1171 1441 1241 1480 ma-

150 1531 276 1597 ximam
304 1549 435 1621 partem
458 1532 645 1621 posteriore
681 1548 786 1597 aetate
819 1527 902 1595 latae
930 1548 1019 1609 sunt,
1059 1548 1167 1596 tamen
1201 1558 1242 1598 ne

152 1664 285 1713 sextum
309 1644 447 1738 quidem
474 1648 515 1712 ab
535 1647 574 1713 V.
591 1648 631 1713 C.
658 1646 826 1714 saeculnm
854 1645 936 1710 nihil
964 1644 1125 1713 eiusmodi
1152 1647 1242 1714 vidit.

151 1760 239 1831 Nam
268 1786 341 1827 cum
366 1761 654 1853 post'Poeteliam
680 1761 780 1841 illam,
808 1761 852 1828 de
867 1788 931 1854 qna
957 1760 1015 1827 lib.
1031 1762 1108 1842 VII,
1126 1765 1170 1830 tt
1186 1765 1242 1829 Li-

152 1877 228 1943 vius
256 1877 377 1957 refert,
404 1903 469 1969 per
497 1879 649 1969 quintum
675 1875 847 1945 saeculum
874 1876 1039 1966 integrum
1065 1878 1244 1943 maiorem-
1271 1893 1273 1900 '

155 2018 224 2085 quc
247 2011 376 2083 pattena
394 1993 477 2059 sexti
502 1991 545 2061 de
562 1993 687 2061 ambitu
706 2006 948 2084 conquerentes
963 1993 1137 2074 Romanos,
1152 1993 1245 2085 quod

157 2106 299 2201 quidem
325 2111 436 2188 seiam,
462 2133 529 2178 non
553 2110 776 2240 reperiamus,
810 2107 977 2201 querendi
1002 2122 1112 2175 caussa
1138 2113 1249 2177 iustis-

159 2226 240 2291 sima
264 2226 398 2291 inventa
423 2241 473 2293 cst
496 2249 535 2292 co
561 2226 636 2351 ipso
687 2248 730 2290 no
752 2223 962 2293 Plautusvita
989 2223 1136 2291 decessit
1161 2250 1247 2294 anno

162 2336 246 2420 569,
273 2363 340 2431 quo
368 2339 508 2431 quidem
535 2336 578 2404 ad
572 2246 811 2549 cQtum
829 2339 930 2407 effuso
949 2341 1164 2408 ambientium
1180 2360 1249 2438 stu-

164 2453 251 2523 dio
233 2455 422 2548 insignique
435 2454 649 2547 prensatione
728 2474 862 2523 rentum
879 2480 950 2522 esse
964 2457 1075 2524 Livius
1090 2432 1204 2523 XXXI
1189 2459 1250 2539 IX,

161 2570 208 2641 3η
236 2589 385 2638 testatur.
438 2574 529 2654 Quae
566 2595 620 2636 res
652 2595 727 2639 eum
753 2591 909 2638 eventum
931 2571 1056 2653 habuit,
1083 2592 1119 2640 ut
1142 2574 1250 2639 tribus

161 2704 242 2791 post
276 2689 368 2753 annis
401 2711 521 2779 reapse
553 2685 698 2779 legem
730 2685 780 2753 de
814 2686 976 2755 ambitu
1011 2689 1047 2752 Ρ.
1072 2688 1249 2755 Cornelius
1332 2773 1337 2782 ι

164 2801 333 2905 Cethegus
368 2805 415 2869 Μ.
449 2802 590 2868 Baebius
617 2800 814 2895 Tamphilus
854 2803 945 2873 Coss.
982 2828 1023 2869 ex
1055 2805 1250 2873 auctoritate

162 2934 298 2985 senatus
325 2917 367 2987 ad
394 2915 557 3011 populum
584 2916 729 2998 ferrent,
762 2937 798 2988 nt
830 2916 922 2986 idem
955 2921 1065 2986 Livius
1103 2919 1182 3002 XL,
1206 2917 1251 2989 19

163 3033 226 3127 ait.
268 3035 296 3101 E
323 3035 443 3126 quibus
472 3033 629 3114 efficitur,
660 3020 736 3124 'quo
762 3035 902 3125 propius
927 3032 970 3100 ad
994 3036 1105 3127 ipsum
1129 3038 1252 3103 exitum

164 3148 254 3216 vitae
291 3147 460 3217 Plautinae
496 3150 531 3214 in
558 3146 749 3215 definienda
769 3150 957 3217 Trinummi
974 3168 1087 3220 aetate
1112 3150 1254 3244 progre-

167 3262 316 3345 diamur,
356 3290 394 3333 eo
431 3263 694 3332 commodiorem
725 3263 836 3333 locum
871 3264 937 3332 illis
963 3292 1034 3332 esse
1057 3266 1100 3333 de
1124 3267 1254 3335 invale-

152 3376 283 3475 'sccnte
305 3380 484 3448 ambitione
512 3381 756 3472 gratiarumque
781 3388 876 3471 'peste
901 3383 1117 3475 querimoniis
1131 3379 1172 3468 *).
1198 3384 1253 3461 Vt,

172 3495 196 3561 si
217 3519 294 3589 ¹non
321 3493 488 3577 ultimam,
517 3511 550 3559 at
572 3519 613 3561 ex
640 3493 762 3563 ultimis
787 3515 907 3586 poetae
933 3497 1055 3564 sabulis
1079 3522 1152 3565 esse
1176 3498 1254 3562 Tri-

172 3634 341 3679 nummum
380 3610 572 3677 existimem.
632 3612 746 3692 Quo
737 3637 771 3679 ιιι
806 3637 929 3708 genere
964 3610 1049 3678 illud
1082 3611 1179 3679 valde
1206 3629 1254 3678 est

174 3725 404 3820 memorabile,
439 3727 574 3793 omnino
604 3723 704 3818 longe
729 3727 890 3827 maiorem
915 3749 1044 3820 partem
1069 3727 1255 3794 fabularum

176 3820 410 3920 Matutinarum,
436 3868 521 3933 quac
550 3840 688 3933 quidem
714 3845 910 3934 superstites
936 3862 1021 3925 sunt,
1045 3837 1255 3937 provectiore

177 3974 278 4027 aetate
317 3975 415 4050 atque
450 3957 576 4025 adeo
567 3976 820 4048 ingravescente
851 3977 982 4028 senecta
1019 3978 1141 4052 poema
1173 3963 1256 4028 scti-

175 4180 467 4199 x—*ss—

239 4320 263 4385 *)
285 4317 379 4370 Confer
397 4318 429 4370 dc
449 4319 576 4373 ambitu
595 4337 671 4387 supra
689 4320 816 4389 disputata
833 4338 858 4389 p.
877 4323 936 4375 232.
