2872 4942
593 412 813 456 atocniurovs.
1183 386 1255 461 409

165 607 265 674 quam
288 606 360 648 rem
386 582 495 648 tritam
519 601 553 650 et
578 582 802 674 pervulgatam
829 583 921 650 illico
938 584 1133 652 recordatos
1160 587 1252 680 cogi·
1299 586 1303 597 “

164 693 304 762 tamus.‘
335 697 432 762 Haud
471 697 641 764 dissimilis
676 698 784 788 aliqua
824 723 864 764 er
898 718 994 791 parte
1021 702 1104 767 ratio
1132 718 1182 767 est
1202 726 1256 768 re·

164 813 282 905 sponsi
305 813 339 878 in
366 811 462 877 Milit.
490 812 571 905 glor.
598 815 624 892 l,
654 819 683 899 l,
711 817 774 886 61:

264 927 499 1018 Rogitabant:
528 929 641 994 hicine
667 925 817 995 Achilles
838 945 899 1008 est,
926 932 1036 1022 inquit
1057 928 1149 997 miti.

265 1047 376 1112 Inamo
401 1049 473 1109 eius
487 1048 622 1132 frater,
649 1050 795 1137 inquam.
822 1043 852 1130 *)
913 1097 914 1100 ,
999 1116 1005 1131 ι

164 1163 282 1254 Atque
308 1161 390 1227 haec
417 1158 581 1253 disputavi
613 1161 702 1226 velut
741 1180 834 1227 nerto
863 1159 1080 1227 fundamento
1105 1161 1171 1227 boc
1203 1163 1254 1226 nil·

166 1295 264 1355 teus,
301 1277 396 1368 quasi
426 1299 493 1343 non
527 1294 741 1369 controversa
775 1278 950 1368 Megabyzi
983 1300 1079 1342 versu
1103 1275 1252 1344 Plautino

163 1392 294 1458 mentio
318 1408 410 1457 esset
461 1393 505 1458 At
542 1415 623 1459 vero
658 1393 695 1457 in
720 1392 874 1458 Palatinis
901 1391 995 1457 libris
1020 1392 1252 1484 Lipsiensique

158 1516 215 1574 ¹est
248 1505 473 1596 megalobuli,
510 1507 545 1571 in
579 1508 762 1573 veterrimis
797 1507 998 1574 editionibus
1025 1506 1249 1596 megalolaoli:

160 1620 447 1714 quemadmodum
468 1622 504 1686 in
527 1620 646 1688 iisdem
671 1622 858 1689 Mcobolns
883 1625 1041 1690 scribitur
1068 1623 1250 1691 rtieobolus.

159 1739 250 1806 Nam
277 1737 370 1830 quod
395 1742 517 1804 Pareus
544 1732 763 1805 ex'Palatinis
789 1740 1008 1831 Megalobnsi
1037 1741 1129 1807 affert
1146 1739 1250 1831 idque

163 1878 223 1922 eos
260 1872 375 1920 tenere
411 1879 543 1920 omnem
580 1854 682 1921 fidem
714 1849 851 1922 te'statur
876 1858 911 1921 in
936 1854 1084 1922 Analect.
1110 1855 1251 1923 Plautio.

162 1960 199 2064 p.
226 1972 318 2041 325:
354 1968 399 2036 de
436 1995 475 2036 eo
510 1968 703 2061 diligentem
726 1971 849 2064 alioqui
877 1963 1049 2038 hominem
1077 1966 1251 2037 oculorum

163 2088 253 2152 acies
285 2084 412 2151 fefellit.
461 2083 653 2175 Megabyzi
683 2111 807 2153 nomen
839 2090 966 2178 primus
1006 2086 1251 2153 commendavit

160 2205 250 2283 Pius,
276 2203 365 2268 haud
393 2203 637 2269 contemnenda
670 2229 734 2296 pro
768 2205 855 2271 illins
894 2207 1007 2270 aetatis
1039 2205 1169 2271 ratione
1200 2204 1251 2268 vir

163 2318 369 2399 eruditione,
409 2317 469 2384 sed
493 2317 570 2383 rudi
598 2338 631 2386 et
654 2320 835 2400 incondita,
862 2323 898 2385 in
921 2323 1014 2387 cuius
1037 2321 1248 2387 annotatione

163 2433 274 2512 Plinii,
300 2433 480 2513 Plutarchi,
502 2434 642 2515 Aeliani,
666 2438 844 2530 Diogenis,
870 2436 1080 2518 Quintiliani,
1103 2435 1250 2526 Appiani

168 2546 209 2615 de
236 2541 428 2640 Megabyzis
455 2551 642 2615 testimonia
668 2550 850 2617 afferuntur
875 2554 1002 2634 omnia3
1027 2552 1062 2615 in
1085 2551 1264 2627 continui,

168 2652 402 2729 tatem-'autern
424 2666 605 2749 verborum
632 2667 727 2732 Pium
759 2669 863 2733 secuti
887 2683 1091 2758 receperunt
1112 2664 1250 2731 Be1oal-
1334 2754 1338 2761 .

169 2776 241 2859 dns,
267 2779 431 2872 Pylades,
455 2781 633 2873 Vgoletus,
667 2783 918 2875 Carpentarius,
943 2781 1100 2881 Angelius
1140 2762 1249 2868 (odius

169 2895 356 2987 exemplum
383 2897 548 2961 [tantinum
573 2899 739 2963 Meursius
760 2899 921 2989 signifieat
941 2896 984 2963 de
998 2917 1110 2963 vetere
1131 2895 1249 2975 codiee

166 3003 333 3106 loquens),
358 3013 462 3079 Lucas
494 3012 723 3094 Olchiuensis‚
751 3013 876 3093 Aldus,
911 3015 1019 3108 recipi
1042 3015 1134 3080 iussit
1158 3016 1250 3079 Tur-

171 3174 371 3210 μὴ..
390 3206 392 3209 .

215 3286 243 3352 ⁹)
269 3283 364 3335 liorem
384 3283 469 3352 priore
488 3258 608 3338 veisuutn
627 3289 709 3354 inquit
725 3288 788 3340 mitt
809 3304 855 3356 pro
874 3290 965 3354 inquit,
983 3288 1028 3338 tibi
1048 3287 1167 3353 praebuit
1179 3272 1248 3338 'Am-

267 3372 422 3439 brosianus‚
452 3391 558 3442 prorsus
575 3386 605 3427 ut
625 3385 665 3426 est
683 3375 769 3442 paullo
789 3384 847 3442 post
866 3377 938 3446 Erpa
958 3385 1085 3427 mecastor
1094 3375 1186 3444 palear
1203 3382 1249 3437 est,

265 3461 349 3527 inquit
366 3463 436 3514 mitri
468 3462 549 3514 Alteri
571 3464 673 3526 varani,
701 3464 744 3530 qtti
763 3464 800 3514 sic
820 3463 958 3529 vulgatur:
991 3463 1069 3518 Immo
1094 3463 1147 3513 eiua
1163 3463 1248 3528 [nater

265 3549 379 3618 inquam.
412 3551 500 3603 inanit
516 3550 621 3602 illarum
638 3550 732 3615 altera,
753 3550 815 3615 oliui
833 3551 953 3619 putabant
970 3550 1170 3617 transpositione
1186 3562 1249 3598 ver-

265 3633 357 3685 borum
374 3636 572 3687 succurrendum
591 3653 662 3687 esso:
681 3636 769 3701 immo,
787 3642 899 3704 taquam,
920 3639 973 3688 eius
989 3641 1080 3705 frater.
1110 3621 1197 3692 laonii
1212 3636 1249 3688 it-
1279 3698 1286 3723 ἱ

264 3720 350 3793 laram
367 3723 460 3775 attera.
497 3724 548 3774 Gur
565 3733 649 3775 autem
669 3727 762 3776 innunt
786 3725 887 3776 tandem
906 3741 991 3775 earum
1010 3739 1060 3774 una
1079 3723 1246 3777 muliercula-

263 3825 336 3872 rum,
366 3824 432 3875 quae
458 3813 506 3863 iam
524 3827 605 3878 prope
622 3820 681 3864 suut
699 3821 726 3863 et
740 3812 823 3881 pallio
850 3812 1071 3879 reprehenderunt
1091 3812 1247 3871 Palaestrio-

178 3928 182 3934 ·
263 3894 342 3946 nem?
381 3897 411 3946 Et
429 3899 454 3947 in
474 3898 641 3950 ambrosiano
664 3908 722 3964 post
739 3901 843 3965 inquam
860 3901 931 3950 visae
950 3906 1009 3949 sunt
1025 3905 1095 3964 (nain
1116 3906 1247 3967 procerte

263 3983 382 4033 affirmari
403 3986 503 4051 nequit)
530 3987 614 4055 potius
640 3995 676 4036 est
695 4022 700 4034 .
721 4023 728 4037 .
749 3985 850 4038 litterae
868 3994 978 4037 exstare.
1013 3984 1085 4037 Vade
1104 3985 1171 4038 haud
1191 3986 1248 4039 seio

263 4084 295 4119 an
316 4078 409 4135 poetae
431 4086 531 4123 manunt
551 4074 588 4123 sic
606 4089 748 4141 assequar:
1161 4042 1229 4153 Se*

353 4155 431 4206 Immo
452 4159 506 4208 aina
523 4161 615 4224 frater,
632 4164 745 4229 inquam,
765 4170 808 4212 est.
830 4162 871 4213 tta·
889 4160 993 4211 illarum
1011 4160 1104 4213 ditare.

256 4242 295 4291 Ae
312 4256 346 4291 ne
366 4242 392 4319 ip
410 4243 530 4296 Palatinis
549 4247 651 4314 quidem
669 4248 753 4314 ipsum
771 4256 876 4315 apparet
895 4249 995 4312 inanit,
1015 4263 1105 4301 rerum
1127 4257 1170 4303 aut
1182 4250 1248 4313 insit

250 4332 298 4377 aut
318 4329 396 4394 iamt,
425 4330 493 4399 quod
514 4334 540 4385 iu
559 4336 655 4388 Vetera
673 4335 729 4388 eod.
750 4333 862 4388 secunda
884 4332 984 4386 denium
1002 4348 1091 4387 manus
1119 4337 1147 4388 in
1164 4336 1249 4392 tonsa

255 4416 371 4472 mutavit.
