2872 4942
254 339 304 384 XVI
704 339 894 384 annonario.

1317 478 1325 501 .

251 529 312 583 out
337 517 477 607 positae.
505 530 619 582 erant,
635 519 672 580 in
705 515 812 580 titulis
833 520 904 582 siue
930 514 1109 597 iudicibus,
1132 521 1191 610 qui
1214 515 1263 581 nd
1285 516 1339 584 di-

226 606 496 711 ,versasttbetlt
511 631 630 706 portes
652 613 888 706 pertinebant,
913 620 964 680 ita
982 632 1022 682 ut
1035 617 1168 706 singuli
1182 617 1339 708 singulas

251 739 301 815 eac
328 710 480 799 auctoris
511 717 649 779 nomine
685 713 737 778 uel
768 719 973 805 cognomine
1006 714 1141 795 litteras
1162 714 1340 783 habereut.

250 816 343 880 Huic
367 811 502 905 quidem
526 817 650 904 generi
673 811 914 879 adnumerabis
939 814 1158 880 acrostichon
1177 815 1273 890 itud,
1295 815 1340 882 de

250 937 316 1005 quo
352 913 505 1005 loquitur
546 911 740 979 Suetonius.
808 914 912 1005 Atqui
952 912 1024 980 talis
1061 913 1202 1007 quidem
1235 902 1340 1009 ‚para-

250 1011 424 1086 stichidis,
459 1014 485 1077 si
518 1011 624 1117 modp-
653 1031 744 1078 recte
777 998 878 1078 veiha
905 1012 1099 1080 obscuriora
1125 1015 1343 1105 interpretor,

250 1137 312 1179 nec
347 1110 448 1176 ullum
482 1136 621 1203 nsquam
657 1108 974 1205 exstataexemplum
1000 1137 1073 1179 nea
1089 1131 1138 1178 sat
1164 1112 1341 1180 commode

252 1211 389 1304 cogitari
426 1228 547 1302 potest.
598 1208 688 1275 Illud
729 1226 939 1302 compertum
971 1211 1142 1290 habemus,
1181 1211 1240 1277 sed
1275 1237 1340 1283 uno

249 1308 320 1407 solp
339 1308 499 1401 ‘exemplo
526 1307 807 1388 infimaeactatis,
835 1308 1039 1400 singulorum
1064 1309 1203 1376 alicuius
1224 1314 1343 1403 scripti

183 1422 193 1445 ·
248 1408 412 1493 librorpm
438 1410 538 1474 initiis
564 1407 597 1473 h.
618 1434 645 1473 e.
670 1406 790 1474 litteris
816 1406 997 1474 initialibus
1026 1407 1107 1494 (non
1135 1409 1242 1475 titulis
1269 1415 1340 1477 sive

248 1505 430 1591 indicibus)
464 1504 612 1575 effectam
645 1531 715 1572 esse
753 1507 1030 1574 acrostichidem:
1071 1506 1204 1601 qualem
1223 1509 1341 1577 Philo-

248 1610 361 1699 storgii
383 1608 547 1673 Historiae
575 1592 819 1673 ecclesiasiicae
838 1605 1076 1677 photius-nihl.
1104 1582 1179 1673 coh.
1207 1606 1254 1676 40
1277 1584 1342 1675 iri-

247 1707 339 1772 buitz'
370 1705 407 1772 ἑν
444 1700 564 1794 λόγοις
588 1700 642 1807 ιβ’,
668 1692 713 1770 ὧν
741 1702 782 1769 oti
808 1699 981 1799 ἀπαρχαὶ
1007 1684 1270 1793 σὸἷτιθέμεναι
1293 1708 1342 1774 τὸ

246 1807 316 1871 τοῦ
343 1801 634 1896 συγγεγραφότος
660 1797 909 1896 ἀπαρτίζουσι
925 1799 1191 1899 Φιλοσριοργίου
1210 1796 1339 1892 ὄνομα.
1361 1861 1364 1866 .

246 1907 373 1972 Verum
405 1906 441 1975 in
466 1904 617 1996 Opilium
643 1903 697 1985 val
721 1922 903 1995 propterea
928 1922 1085 1970 neutrum
1112 1903 1233 1971 cadere
1260 1908 1340 1973 arti-

248 2004 361 2070 ficium
395 2020 517 2095 potest,
550 2000 642 2095 quod
676 2001 903 2093 iste-libellus
931 2026 1000 2069 non
1025 2002 1087 2068 fuit
1111 2003 1266 2095 ptosecto
1292 2023 1340 2072 tot

247 2103 341 2169 libris
370 2101 502 2180 divisim,
529 2098 611 2194 qdot
634 2101 752 2167 litteris
780 2125 864 2192 opus
892 2119 941 2166 est
963 2100 1007 2166 ad
1019 2100 1138 2194 Opillii
1164 2101 1238 2189 (vel¹
1252 2102 1339 2171 adeo

247 2199 372 2268 Aurelii
400 2199 533 2294 Opillii)
565 2225 688 2269 nomen
721 2198 945 2268 efferendum:
976 2224 1044 2293 quo
1079 2186 1341 2294 accedit,“quod

247 2302 290 2368 de
314 2299 537 2396 Philostorgio
565 2299 599 2367 lo
618 2292 710 2365 'oens
727 2314 803 2366 ‘nec
828 2301 931 2365 utitur
948 2300 1085 2367 Photius
1109 2297 1339 2393 παραστιχίς

245 2401 393 2483 nomine,
431 2426 494 2467 nec
521 2326 724 2476 satissbecte,
760 2401 787 2466 si
814 2400 882 2466 vim
909 2401 999 2465 vocis
1026 2399 1230 2499 compositae
1257 2424 1336 2489 pso-

245 2500 353 2591 priam
387 2519 587 2592 spectamus,
619 2500 765 2589 potuisse
790 2499 835 2563 uti
861 2496 1000 2563 videtur.
1054 2498 1158 2589 Immo
1187 2490 1336 2579 uersibus

143 2616 146 2621 '
245 2616 350 2685 metrp
382 2601 537 2677 astrictis,
577 2616 614 2663 ut
644 2613 693 2662 cst
720 2613 992 2675 consentaneum,
1017 2586 1220 2664 fierisblitas
1240 2621 1338 2707 para,

246 2696 414 2775 semitas,
440 2698 475 2762 id
502 2721 579 2763 vero
603 2686 670 2762 tola
697 2698 874 2791 antiquitap
903 2695 1030 2761 elamat.
1069 2690 1250 2763 vescatur
1272 2696 1338 2764 hoc

248 2795 398 2888 exempla
429 2796 622 2886 Epicharmi
662 2794 728 2879 (vel
761 2794 1054 2885 Epicharmiorum
1089 2791 1213 2887 potius)
1246 2793 1337 2912 apud

245 2895 431 2986 Diogenem
443 2897 549 2959 Laert.
562 2894 654 2971 VIII,
669 2897 726 2972 78,
743 2893 964 2985 Dionysiique
982 2890 1057 2958 τοῦ
1066 2891 1337 2979 Μεταθεμενου

245 2994 336 3086 ¹(pud
371 2993 516 3083 eundem
545 2994 586 3070 V,
612 2992 677 3060 93:
711 2991 783 3078 (ubi
812 2992 927 3058 allatos
963 2992 1047 3058 duos
1079 2993 1226 3057 senarios
1269 2991 1340 3059 noli

246 3111 366 3185 putare
391 3097 427 3159 in
449 3092 520 3184 ipsa
547 3090 716 3184 tragoedia
735 3090 898 3181 Sophocli
924 3094 1099 3184 supposita
1136 3109 1228 3156 ectos
1253 3115 1336 3170 csse,

247 3191 307 3258 sed
340 3195 450 3301 potius
480 3192 648 3282 sexaginta
671 3215 826 3255 versuum
855 3192 1017 3256 continuis
1041 3190 1142 3255 initiis
1171 3180 1334 3273 eflectosi)

217 3274 408 3357 distentor
434 3290 596 3383 Sibyllina
623 3290 776 3355 vaticinia
804 3313 879 3353 cum
906 3317 923 3352 a
950 3290 1115 3382 Dionysio
1148 3286 1339 3355 Hiberin-

247 3393 305 3482 tiq.
325 3392 382 3470 IV,
405 3389 746 3468 (ib-commemoratu
768 3407 836 3454 tum
861 3389 1026 3479 imprimis
1052 3385 1193 3454 notabili
1218 3410 1337 3453 eorum

245 3514 400 3555 versuum
441 3488 611 3580 exemplo,
649 3512 789 3579 quorum
826 3489 928 3553 initiis
964 3486 1158 3579 compositis
1189 3476 1341 3575 ΙΧΘΤΣ

246 3590 381 3655 nomina
406 3588 498 3667 fiunt,
527 3585 617 3680 apud
633 3586 805 3655 Gallaeum
832 3614 866 3680 p.
888 3587 978 3671 7t33
1005 3604 1145 3652 testatur
1173 3581 1215 3648 de
1227 3586 1339 3651 Ennio

247 3688 370 3761 Cicero
394 3687 437 3752 de
464 3687 563 3752 divin.
587 3688 628 3765 ΙΙ,
656 3682 712 3765 54,
746 3686 804 3751 ubi
831 3706 943 3753 tamen
970 3685 1085 3751 Aurati
1113 3683 1339 3751 coniecturam

245 3790 299 3853 vix
335 3785 493 3854 audemus
525 3784 834 3867 contra4Wolfium
868 3786 903 3849 in
925 3785 1055 3867 ‚Muret
1084 3785 1164 3850 Var.
1198 3781 1276 3848 lect.
1311 3782 1340 3857 I,

130 3898 144 3935 ·'
245 3910 279 3978 p·
307 3889 379 3958 272
402 3887 496 3973 -tueri
528 3911 602 3952 cum
635 3883 776 3950 Orellio.
828 3882 911 3949 Il'em
946 3880 991 3947 ad
1023 3901 1202 3974 poetarum
1225 3905 1340 3948 versus

247 4009 305 4051 eae
331 3984 568 4076 parastichidcs
589 3986 770 4076 pertinent,
796 3983 832 4047 in
853 3968 974 4074 q'uibm
992 3979 1199 4073 aucupandis
1219 3981 1338 4073 exqui-

246 4082 431 4176 rendisque
462 4083 582 4150 multos
603 4082 703 4148 fuisse
729 4098 862 4147 veteres
888 4083 1119 4174 grammaticos
1150 4095 1183 4144 et
1209 4076 1339 4155 Gellius

245 4181 346 4250 'docet
370 4184 461 4264 XIV,
496 4182 518 4250 6
554 4183 684 4272 etipse
712 4182 900 4247 Eustathius
925 4182 960 4244 in
985 4180 1080 4246 Iliad.
1108 4176 1203 4268 II'p.
1232 4174 1337 4246 1462.

246 4286 464 4375 Quotautem
503 4280 641 4377 consilio
677 4280 868 4348 acrostichis
904 4281 1028 4346 Ennius
1065 4295 1097 4344 et
1128 4273 1261 4366 Opilius
1299 4295 1333 4343 et
