2872 4942
498 353 615 398 ιιινιι
646 333 910 397 ιιιιιιιιιιιιιιιι.
1174 329 1246 401 379

159 547 230 597 tem
256 512 359 617 noh'lp
373 530 409 594 in
431 544 498 594 tota
522 525 677 592 Rudente
690 551 793 594 mnus
820 544 945 593 tantum
967 525 1062 595 locus
1084 506 1249 621 apparuit

150 645 205 727 ¹nd
232 628 342 739 quem
358 645 530 737 pertinere
558 643 716 709 Sisennae
749 642 914 709 scholium
939 645 1096 745 potuerit.
1139 645 1251 712 listis

162 762 188 841 l,
219 766 235 828 1
266 787 295 855 ag.
319 758 343 827 4
369 761 417 826 sic
441 760 584 850 scriptus
609 759 644 824 in
667 758 786 826 nostris
810 756 906 824 libris
934 759 1105 826 omnibns:

266 899 338 941 non
361 869 479 941 tentus
495 877 587 962 snit,
614 898 728 939 verum
759 867 959 940 ‘Alcumena
980 866 1149 967 Euripidi.

160 950 275 1077 Quiiu
298 991 360 1056 hac
386 991 497 1082 potins
523 989 629 1057 forma
654 988 776 1081 legisse
799 989 973 1057 Sisennam
999 1009 1146 1083 oportet:
1171 992 1254 1058 Non

162 1103 285 1174 ventus
302 1110 402 1194 fuit,
426 1130 448 1174 ν
487 1130 542 1171 um
565 1102 732 1172 Alcmena
757 1101 935 1198 Euripidi.
950 1103 980 1190 *)
1008 1105 1115 1174 Valde
1141 1127 1253 1174 autem

160 1223 232 1290 hoc
257 1200 477 1289 memoraiile
504 1221 742 1289 documentum
769 1241 820 1290 est
845 1241 1079 1314 coemptorum
1105 1222 1170 1290 iam
1187 1248 1253 1289 an-

163 1339 352 1432 {finissimo
387 1356 551 1430 tempore
576 1337 1096 1441 exemplarium&Plantinorum
1138 1363 1254 1432 neque

162 1455 256 1522 enim
279 1450 482 1546 trisyllabam
508 1452 648 1539 sormam
672 1451 844 1520 Alcmena
862 1452 954 1529 nolit
948 1472 1086 1555 poeta.
1125 1455 1257 1554 Memo-

164 1569 282 1637 rabile
305 1570 403 1635 etiam
426 1568 515 1646 hoc,
540 1593 619 1657 ιιιοιι
637 1552 694 1635 ‹lc-
689 1574 802 1658 Ι-Ῑιινίι
822 1569 892 1661 ped
906 1558 988 1677 piis
1010 1570 1116 1638 forma
1143 1545 1259 1638 Sisen-

163 1692 246 1757 nam
254 1685 372 1778 loqui
408 1684 467 1771 (cl.
501 1684 604 1752 Prisc.
631 1686 673 1766 X,
699 1691 733 1767 ⁰,
760 1683 856 1770 1‘2):
876 1680 990 1779 quode
1016 1685 1233 1754 Muellerus
1224 1710 1259 1750 ιιι

165 1803 266 1869 Varr.
289 1790 348 1881 lx,
379 1797 471 1873 104,
476 1810 528 1867 ea*
539 1825 652 1892 nuper
676 1804 859 1881 annotavit,
890 1803 1011 1894 quibus
1045 1803 1182 1869 minime
1207 1800 1260 1867 di-

170 1936 305 2010 tempta
331 1915 438 1983 videri
457 1916 522 1987 illa
548 1920 773 1984 controversia
798 1934 920 2011 potest

266 2033 305 2098 In
338 2032 455 2098 eadem
486 2032 596 2099 sabula
632 2059 706 2099 cum
737 2031 903 2100 habiliora
929 2049 1040 2105 metro
1062 2055 1157 2097 usum
1187 2056 1259 2102 esse

170 2166 306 2243 poetam
335 2148 441 2241 idque
471 2148 582 2215 solere
617 2153 654 2215 in
684 2150 861 2216 mulierum
883 2153 1048 2217 nuatione
1073 2149 1182 2217 facere
1208 2149 1261 2216 Si-

170 2288 275 2332 senna
312 2276 463 2344 annotat,
501 2265 566 2332 hoc
596 2289 662 2357 qno
694 2266 861 2358 pertineat
900 2264 1037 2334 difficile
1073 2263 1166 2332 dictu
1201 2283 1260 2331 est.

176 2377 267 2465 Quid
296 2382 381 2445 enim
418 2405 492 2448 esse
514 2380 627 2447 habile
653 2399 793 2450 metrum
822 2381 990 2448 dicamus?
1040 2380 1176 2448 Deinde
1204 2407 1261 2448 au·

172 2513 259 2574 tem,
288 2521 354 2589 quo
371 2515 463 2563 certo
487 2514 593 2563 metro
620 2515 676 2562 aut
700 2488 822 2589 quibus
847 2497 962 2564 metris
990 2495 1032 2582 (si
1057 2496 1142 2564 forte
1170 2520 1262 2563 com-

171 2610 270 2706 plura
294 2610 768 2705 comprehende1·ithabilium
790 2611 939 2698 nomine)
966 2612 1117 2679 Plautum
1137 2614 1172 2677 in
1189 2637 1263 2678 mu·

171 2725 294 2796 lierum
321 2729 530 2821 potissimum
556 2729 705 2795 oratione
731 2749 827 2794 nsum
856 2730 1069 2821 putabimus?
1118 2715 1187 2796 'sed
1215 2737 1262 2796 t'a-

186 2953 483 2965 m...—

228 3061 254 3133 )
283 3059 364 3111 Recta
390 3059 453 3112 iecit
484 3059 554 3127 quod
583 3059 646 3111 mihi
673 3075 725 3112 non
750 3061 859 3112 credidit
886 3063 917 3114 Α
945 3060 1132 3114 Fleckeisenns
1154 3060 1268 3115 Exercit.
1373 3041 1377 3049 .

280 3146 362 3222 Plant.
383 3146 508 3217 (Gotting.
532 3162 556 3198 a
580 3146 658 3232 1842)
685 3163 713 3215 p.
731 3149 775 3213 52,
806 3164 950 3218 quanquam
969 3164 1059 3201 verum
1079 3165 1114 3201 ne
1130 3150 1187 3216 ipae
1208 3150 1270 3218 qui-

181 3253 185 3263 ·
283 3231 341 3283 dem
363 3241 506 3284 assecutus.
542 3233 626 3286 Verba
651 3235 707 3285 eius
736 3233 801 3285 haec
819 3243 895 3286 sunt.
934 3236 993 3288 Nisi
1019 3235 1054 3286 cd
1076 3235 1156 3287 aliam
1185 3235 1268 3287 lacum

284 3320 406 3373 nuceam
426 3320 549 3387 fabulae,
579 3322 622 3388 poi
639 3331 683 3373 ant
698 3322 728 3372 in
746 3323 842 3373 nostris
860 3321 933 3374 libris
953 3331 1088 3392 comptus
1104 3332 1149 3376 aut
1167 3324 1269 3375 omnino

282 3408 399 3476 perditus
417 3417 471 3471 est,
498 3407 563 3460 illud
578 3409 703 3461 scholium
719 3418 825 3478 spectat,
843 3409 921 3461 multa
940 3409 1098 3480 probabilius
1116 3446 1150 3462 ...
1170 3447 1177 3461 .
1196 3448 1202 3462 .
1223 3428 1268 3479 epo

284 3497 415 3564 corripere
431 3496 495 3547 milti
512 3496 601 3547 uideor
619 3499 690 3564 fui,
707 3505 735 3548 ot
750 3499 863 3549 Sisenna
879 3497 1080 3550 observationem
1095 3497 1169 3551 uttam
1186 3507 1268 3550 rettu-

282 3582 342 3635 lerit
360 3584 395 3634 acl
414 3584 481 3636 stud.
504 3585 526 3648 1,
544 3586 569 3649 3,
589 3587 624 3637 43
643 3586 733 3637 stein:

290 3692 293 3700 ·
316 3681 324 3714 ὲ
344 3671 441 3723 Libera
458 3689 504 3740 epa
519 3676 649 3742 prognata
665 3675 705 3741 fni
722 3677 847 3737 mimante,
867 3679 1033 3742 nequicquam
1051 3676 1098 3740 fni.

283 3757 341 3809 Non
359 3774 424 3827 opus
446 3769 485 3811 cst
506 3760 554 3811 hac
571 3762 720 3812 mutatione.
742 3761 805 3812 Rem
826 3777 874 3813 aen
891 3763 970 3839 tetigi
997 3762 1025 3813 G.
1036 3762 1203 3824 Hermannus
1221 3760 1268 3811 hn-

283 3846 438 3898 manissimis
459 3847 490 3897 ad
511 3863 552 3898 mc
573 3847 664 3899 litteris
682 3847 747 3899 datis
756 3849 881 3900 Sisennae
899 3771 1087 3900 amphionem
1103 3847 1218 3899 referens
1236 3847 1268 3903 nd

284 3932 349 3984 fluo.
370 3935 411 3998 tv,
429 3936 455 3998 t,
474 3935 518 3998 61,
546 3950 622 4002 quem
640 3938 678 3986 sic
697 3937 818 4002 scriptum
839 3938 986 4036 repperisse
1005 3938 1153 3988 Sisennam:

349 4025 422 4074 llae'c
440 4022 547 4074 Athenis
563 4027 646 4090 pairac
663 4025 713 4090 ficit
729 4029 801 4090 sirpo
819 4033 916 4090 surpta
929 3992 979 4075 dic
997 4024 1067 4072 milii.

286 4110 355 4163 Nihil
375 4110 440 4161 hanc
459 4112 631 4163 coniecturam
653 4111 803 4161 confirmare
826 4111 920 4160 certius
949 4117 1035 4176 potest
1052 4119 1127 4176 quam
1148 4124 1271 4160 numero-

287 4215 342 4249 rum
364 4199 477 4264 pravitas
499 4199 642 4265 proditae
635 4216 660 4249 ιιι
681 4197 755 4250 codd,
780 4198 938 4263 scripturae:
972 4195 1043 4248 Hoe'e
1061 4196 1169 4247 Athenis
1189 4199 1273 4264 peirac

288 4286 338 4351 fuit
355 4286 428 4353 sirpo
443 4295 571 4354 sarrepta.
590 4287 632 4337 alic
648 4284 727 4337 atili:
747 4286 788 4336 cni
807 4285 969 4354 transpositis
987 4285 1059 4355 sirpo
1078 4285 1127 4354 suit
1138 4283 1274 4340 consulent

290 4370 395 4425 licinius
414 4372 573 4425 instituebat.
