2872 4942
403 368 431 408 v.
451 367 493 408 na
521 364 625 408 acrae
653 365 817 408 rrruvnru
847 362 1011 410 aenaeae·
1178 333 1249 408 349

164 561 262 601 sensu
288 553 412 614 nostro,
439 534 498 600 sed
524 537 567 601 ita
595 535 908 627 comprobabimus,
938 553 973 601 ut
996 560 1057 628 pro
1085 534 1248 602 secunda-

162 653 218 716 riis
244 671 277 717 et
299 651 491 717 adventiciis
518 653 705 719 habeamus.
757 652 798 716 Et
822 649 967 741 primum
995 649 1133 743 quidem
1156 650 1250 743 qnod

162 766 203 830 ad
231 767 420 858 Campanos
446 768 579 846 attinet,
616 767 677 832 etsi
710 785 804 832 recte
837 764 1158 834 Windiscltmannns
1184 769 1250 832 sin-

160 879 311 973 gularem
337 885 402 948 vim
429 908 501 948 esse
529 887 597 947 ium
622 880 806 974 particulae
826 883 936 960 sensit,
963 899 1072 947 tamen
1093 864 1160 974 qffl
1176 883 1252 975 qui-

160 998 237 1063 dem
266 997 320 1063 illa
348 999 525 1090 spectaret,
552 1016 697 1064 autnon
722 998 890 1090 persensit
910 1017 965 1064 aut
991 1023 1057 1063 non
1076 996 1253 1090 diligenter

161 1114 341 1206 explicavit
375 1139 484 1206 eoque
517 1139 584 1206 qno
626 1104 788 1180 debuerat
820 1116 991 1184 convertit.
1054 1115 1127 1181 Hoc
1163 1099 1252 1178 enim

161 1231 227 1295 sibi
264 1228 368 1295 voluit
407 1246 520 1319 poeta,
557 1248 593 1301 ut
614 1227 813 1294 delicatulos
841 1226 920 1295 olim
942 1229 1095 1295 homines
1123 1225 1251 1295 servilis

162 1329 372 1411 condicionis
400 1343 615 1409 diuturnitate
643 1369 731 1411 nurtc
757 1342 891 1408 demum
917 1344 951 1409 h.
980 1369 1008 1409 e.
1034 1361 1111 1436 post
1136 1340 1274 1436 viginti¹

160 1484 325 1525 annorum
363 1460 528 1525 miseriam
563 1443 596 1524 ei
628 1457 765 1525 labores
802 1458 905 1556 (nont
934 1477 1009 1551 post
1032 1459 1165 1551 Capuae
1193 1484 1253 1524 ex-

161 1573 414 1673 pugnationem)
443 1601 481 1640 eo
509 1573 643 1642 adactos
673 1601 748 1642 esse
775 1575 995 1667 significaret,
1034 1594 1072 1642 ut
1105 1573 1156 1641 vel
1192 1601 1252 1667 pa-

164 1691 352 1757 tientissimi
378 1691 525 1756 omnium
552 1709 718 1757 exstarent
743 1709 842 1783 atque
861 1689 946 1758 adeo
963 1689 1175 1757 durissimum
1197 1718 1254 1783 ge-

165 1832 225 1872 nus
252 1831 421 1872 servorum
448 1826 653 1898 superarent,
695 1806 873 1899 quod-luit
895 1807 1066 1899 Syrorum.
1116 1807 1166 1872 Ac
1192 1810 1254 1873 mi-

164 1948 239 1986 rum
266 1941 315 1987 est
339 1903 459 2013 fugisse
484 1921 840 2001 Windischmannnm,
881 1947 921 1987 ne
950 1923 1095 2015 potuisse
1117 1921 1254 2014 quidem

163 2039 249 2102 intra
284 2062 466 2129 paucorum
499 2062 661 2102 annorum
696 2037 838 2130 spatium
872 2038 913 2102 ab
953 2056 1100 2103 extrema
1124 2037 1254 2104 luxuria

165 2173 197 2220 et
224 2152 363 2218 mollitie
387 2152 429 2217 ad
457 2171 521 2218 tam
549 2152 711 2219 diversam
738 2170 839 2245 atque
867 2151 950 2218 adeo
980 2155 1176 2219 contrariam
1202 2155 1254 2218 in-

165 2268 277 2335 dolem
305 2271 446 2335 subitam
474 2248 732 2349 couversionetit¹
756 2269 841 2334 fieri.
893 2268 1052 2334 Ceterum
1086 2262 1152 2335 non
1179 2269 1251 2334 sine

164 2385 276 2478 aliqua
304 2411 416 2450 caussa
444 2404 577 2477 poetam
604 2356 831 2477 poqi'tantnm
857 2385 1019 2476 temporis
1039 2383 1251 2472 intervallum

143 2518 228 2567 'tam
249 2484 386 2598 'acerbe
420 2499 605 2567 cavillatum
641 2526 715 2567 esse
747 2501 845 2568 nobis
886 2524 1022 2592 quoqne
1048 2502 1120 2566 veri
1146 2500 1252 2567 simile

159 2615 311 2700 videtur,
337 2641 456 2708 quam
478 2617 635 2682 habuerit
649 2615 788 2682 ludibrii
802 2640 959 2697 caussam,
985 2642 1053 2684 non
1073 2618 1175 2710 magis
1191 2641 1253 2684 no·-
1329 2684 1330 2688 ,

160 2733 271 2799 rimus
297 2758 393 2824 quam
422 2751 469 2798 tot
494 2731 556 2798 alia
583 2730 625 2797 ad
653 2733 891 2799 accuratiorem
916 2734 1065 2800 notitiam
1089 2732 1178 2800 illins
1195 2758 1253 2800 ae-

161 2845 238 2914 tatis
265 2849 461 2939 pertinentia
491 2874 508 2913 a
534 2848 627 2914 bivio
654 2845 1005 2927 docemu1·,nimium
1042 2847 1078 2911 in
1114 2848 1253 2915 modum

160 2961 247 3044 illo,
286 2965 347 3030 nisi
383 2963 557 3048 ubibella
584 2964 765 3055 perscribit
791 2980 826 3030 et
849 2962 886 3029 id
911 2988 1013 3055 genus
1039 2962 1121 3045 alia,
1158 2963 1252 3031 arido

163 3094 263 3168 atque
288 3077 373 3144 erili.
396 3082 555 3175 'Tantum
581 3078 677 3145 facile
702 3077 843 3156 concedi
867 3096 960 3170 puto,
985 3078 1253 3171 probabiliorem

167 3210 323 3280 oportere
350 3218 496 3259 caussam
522 3193 623 3259 luisse
651 3218 750 3285 quam
777 3191 963 3259 aNandeto
980 3195 1203 3287 excogitatam.

211 3352 214 3357 -
262 3307 359 3375 Nunc
385 3326 496 3374 autem
523 3309 618 3373 etiam
644 3306 786 3400 longius·
802 3307 962 3401 progredi
985 3308 1064 3376 licet
1092 3330 1125 3376 et
1150 3335 1188 3375 cx
1212 3311 1250 3377 iis
1301 3364 1307 3375 .

176 3425 396 3510 argumentari,
436 3450 521 3515 quae
550 3449 612 3515 per
637 3449 684 3504 se,
711 3424 838 3516 absque
865 3423 924 3490 illo
951 3442 1107 3518 tanquam
1132 3424 1252 3491 sunda-

180 3540 399 3617 niente-esset,
438 3537 527 3603 haud
552 3537 667 3630 paullo
694 3540 794 3632 magis
821 3540 973 3630 ambigua
999 3540 1117 3606 forent.
1167 3544 1252 3610 Nam

180 3662 243 3717 ⁶utu
270 3657 388 3720 merito
413 3657 632 3721 Petersenum
667 3653 815 3746 aliosque
852 3657 959 3748 gravis
996 3653 1052 3721 illa
1076 3673 1251 3747 corrupto-

170 3771 239 3831 1*¹¹1n
263 3777 393 3834 morum
421 3769 586 3861 castigatio
613 3767 812 3849 adverterit,
847 3797 911 3862 qua
938 3796 1014 3867 sane
1039 3770 1174 3863 insignis
1203 3752 1256 3836 est¹

167 3859 399 3959 Tl'l'nummus,
426 3901 539 3948 tamen
576 3873 643 3948 hoc
665 3884 774 3974 ipsum
800 3883 910 3976 aliqua
937 3909 975 3949 ex
1001 3903 1093 3976 parte
1119 3882 1250 3950 videtur

156 3996 291 4098 fertius
318 3995 452 4063 deliniri
478 4022 585 4089 posse.
635 3999 770 4063 Praeter
798 4017 907 4064 cetera
946 4001 1051 4079 enim,
1083 4024 1168 4091 quae
1201 3997 1250 4064 la-

148 4096 218 4190 l¹¹¹S
257 4130 370 4202 patere
399 4112 623 4178 confitendum
652 4131 722 4191 est,
758 4139 858 4178 unum
881 4138 985 4206 genus
1012 4114 1178 4204 pravitatis
1204 4115 1249 4181 ita

143 4206 350 4293 ammei„
373 4227 469 4295 liuius
496 4228 627 4294 fabulae
654 4230 883 4310 sermonibus,
919 4247 954 4294 ut
987 4227 1028 4296 de
1052 4248 1142 4310 certo
1170 4255 1251 4296 con-

143 4313 230 4394 ἰ’Πῦ
278 4361 397 4434 poetae
438 4345 490 4409 vix
527 4342 685 4436 equidem
726 4343 884 4411 dubitem.
932 4346 1068 4438 Operae
1105 4347 1250 4438 pretium
