2872 4942
159 341 232 412 362
543 363 587 406 vt.
613 362 655 404 oe
681 358 856 403 versutius

148 538 239 632 steri
259 540 405 629 nuptias.
444 533 516 602 ubi
540 534 590 602 Fi.
620 533 733 625 Caper
756 532 801 598 de
825 533 1020 598 latinitate:
1046 552 1119 599 nun
1140 536 1240 597 mosim

160 652 335 741 affirmare
362 677 392 719 e.
418 676 451 743 q.
478 675 504 716 s.
554 648 652 715 Idem
677 666 787 729 putem
814 647 858 715 de
886 647 1051 714 latinitate·
1068 644 1241 714 libertem

162 770 260 834 etim
285 795 318 861 p.
346 766 425 845 186.
452 766 475 836 6
500 782 707 835 memoretur
730 781 764 831 et
788 763 955 832 simillimo
984 761 1125 857 quidem
1148 763 1240 832 tuom·

163 900 381 952 memoretur:
407 885 597 950 Novissime
622 880 705 950 Tiro
730 885 766 946 in
781 877 961 948 Pandectc
986 900 1060 944 non
1082 892 1176 946 recte
1197 883 1240 944 ait

162 1001 243 1077 dici,
269 1000 453 1092 adiicitque
479 999 571 1094 qnod
595 1023 658 1064 sua
683 1001 833 1090 coeperit
852 1013 968 1062 aetate
986 995 1024 1062 id
1036 995 1239 1078 adverbium:

163 1116 239 1183 ubi
260 1116 311 1186 Fl.
333 1117 445 1207 Caper
468 1114 511 1180 de
537 1115 721 1195 latinitate,
748 1118 867 1189 miror,
894 1116 1006 1207 inquit
1030 1138 1058 1179 e.
1071 1139 1105 1206 q.
1121 1138 1163 1180 s.:
1190 1139 1237 1180 ec·

163 1233 238 1326 quis
265 1232 441 1313 dubitabit,
467 1233 549 1325 quin
574 1230 717 1298 eundem
741 1233 776 1296 iu
803 1247 934 1323 partem
960 1226 1113 1295 eiusdem
1133 1229 1236 1297 Gburi·

164 1348 203 1413 sii
229 1375 262 1440 p.
291 1347 425 1428 176,1
468 1348 552 1415 haec
590 1348 655 1414 sint
683 1344 951 1440 interpretenda:
1002 1341 1141 1413 Abhinc

163 1460 308 1533 Plantas
332 1466 371 1531 in
394 1459 613 1535 Mostellaria
638 1459 695 1549 [IL
720 1466 756 1544 ἢ,
780 1459 873 1550 63]s'
914 1462 984 1552 Qui
1003 1442 1236 1526 abhinc-ssia

164 1585 267 1672 ginta
301 1584 406 1647 annis
439 1583 570 1646 occisus
591 1581 708 1665 foret.
749 1576 821 1646 ubi
841 1577 971 1673 Caper,
1002 1593 1148 1668 atroque
1170 1588 1234 1639 em

166 1712 260 1764 recte
289 1695 444 1771 dicimus,
469 1698 620 1787 quamvis
645 1711 683 1762 ut
707 1694 884 1761 sordidum
908 1711 944 1761 et
960 1693 1113 1784 volgare,
1131 1691 1234 1784 inmiti,

164 1809 303 1906 quidam
328 1808 530 1902 improbent.
581 1811 635 1876 An
659 1834 741 1877 vero
767 1813 922 1903 cuiqnam
947 1807 1135 1907 cresffbile,
1166 1818 1234 1872 ew

166 1926 243 1994 dem
269 1927 440 1994 homiuem
466 1928 723 1995 commentarios
760 1927 796 1992 in
829 1925 982 1992 Plautum
1008 1908 1233 2018 icripsissel!

166 2044 376 2125 Terentium,
400 2044 503 2110 immo
524 2044 559 2108 in
583 2043 747 2109 Tironem
772 2066 924 2136 qnoque,
959 2042 1133 2134 iti-ipsum
1165 2037 1233 2105 adu

165 2159 310 2227 Ennium
337 2176 371 2226 et
403 2192 442 2208 -
468 2157 622 2226 mirabile
648 2157 741 2225 dictu
765 2183 816 2203 -··
840 2162 875 2224 P.
902 2158 1143 2249 Sempronium
1158 2149 1234 2221 Asel·

167 2275 317 2342 lionemi
367 2275 453 2342 Num
489 2276 574 2341 baec
605 2273 742 2368 quidem
769 2276 879 2340 omnio
903 2276 977 2367 pari
1001 2273 1076 2339 iure
1102 2294 1143 2339 ex
1167 2270 1237 2340 cha·

121 2382 123 2386 Α
167 2394 239 2461 risii
263 2393 460 2477 testimoniis
486 2393 615 2458 efficias.
664 2386 755 2456 ,Vide
777 2389 879 2457 modo
912 2414 946 2483 p.
974 2393 1066 2471 107,
1092 2390 1133 2458 3:
1180 2386 1238 2452 lis·

169 2507 245 2577 bem
269 2556 277 2574 .
303 2557 311 2574 .
336 2554 345 2574 .
371 2509 506 2575 Ennius
530 2507 631 2578 XVI.
654 2506 712 2572 ubi
734 2507 789 2578 Fl.
816 2507 951 2597 Caper:
978 2526 1051 2570 non
1077 2522 1116 2571 nt
1133 2503 1241 2570 adium

170 2629 258 2692 ctivo
284 2623 347 2690 seul
370 2624 574 2717 appellativo
597 2639 648 2689 est
675 2624 822 2716 locutas‚·
849 2641 881 2689 et
906 2648 939 2715 p.
970 2621 1048 2701 176,
1071 2625 1138 2690 21:
1158 2616 1243 2688 Asela

142 2748 144 2752 ’
170 2741 216 2806 lio
255 2764 386 2834 qnoque
423 2762 537 2845 reatem
569 2739 804 2806 Romanarum
840 2739 1125 2832 quadragesimo:
1172 2737 1246 2804 Tatt

168 2857 322 2949 pulcrum
349 2881 432 2948 opus
451 2836 588 2951 tpibquc
612 2855 799 2946 artificiose
816 2861 960 2943 factum
981 2879 1105 2947 passus
1131 2868 1181 2920 est
1201 2848 1245 2916 dt

170 2976 234 3040 rui.
262 2971 332 3044 Vbi
354 2973 406 3038 Fl.
434 2973 566 3064 Caper:
592 2977 742 3063 quamvis
767 2971 973 3064 artificiosus
999 2970 1070 3035 dici
1091 2994 1164 3035 non
1177 2990 1245 3061 pos·

171 3092 217 3154 sit
239 3088 478 3154 utmalitiosas
503 3113 530 3154 e.
558 3115 592 3180 q.
616 3113 642 3158 s.
667 3091 846 3154 Praeterea
871 3090 968 3153 etiam
993 3086 1128 3179 Virgilii
1152 3086 1247 3149 inter*

171 3206 312 3296 pretem?
330 3207 479 3297 Captum
504 3220 704 3270 testarentur
729 3203 837 3270 Servii
864 3202 1029 3296 quaedum
1059 3203 1248 3274 notationes,

173 3318 256 3386 tales
279 3321 488 3413 potissimum
525 3319 639 3412 qualis,
667 3339 718 3388 est
740 3322 775 3385 in
796 3323 880 3387 Aen.
905 3321 987 3402 XII,
1014 3323 1097 3387 19οὶ
1151 3312 1251 3406 Calo

175 3451 290 3500 tamen
313 3451 348 3500 et
372 3437 536 3525 Hyginus
578 3412 650 3527 (qui
676 3461 794 3502 revere
820 3434 997 3502 scholiasta
1023 3435 1086 3501 fuit
1112 3426 1248 3526 virgili)

174 3552 239 3618 boc
264 3551 337 3616 loco
364 3550 484 3617 dicunt
508 3551 688 3617 lectionem
713 3576 786 3616 esse
799 3571 1003 3647 'corruptam
1028 3577 1058 3622 e.
1077 3572 1113 3645 q.
1133 3538 1176 3628 s,
1195 3544 1248 3613 nln'

175 3666 326 3734 eiusdem
349 3666 457 3734 Servii
482 3666 564 3733 uliae
592 3685 769 3747 exstarent,
788 3709 791 3716 ·
809 3670 930 3762 quibus
957 3667 1008 3736 vel
1035 3666 1133 3734 dubii
1155 3683 1248 3757 gene·

176 3788 223 3850 ris
250 3801 305 3850 out
329 3783 502 3851 entscleati
525 3788 691 3850 sermonis
721 3782 836 3851 libros·
858 3811 876 3850 a
902 3786 1014 3878 Capro
1055 3784 1247 3883 conscriptos

176 3917 417 3967 commemorat
437 3917 593 3993 tanquam
615 3927 633 3965 a
658 3917 765 3966 semet
788 3899 1040 3992 interpretando
1062 3876 1245 3992 posseisd-

176 4015 310 4096 bibims,
336 4015 387 4083 vel
411 4014 482 4082 uliis
509 4015 616 4083 modis
643 4016 690 4083 de·
714 4017 888 4084 scholiasta
915 4015 1243 4129 Cupromogjturpvt·

180 4148 233 4212 tat,
260 4135 354 4198 utin
380 4135 463 4199 Aen.
489 4136 546 4210 Vl,
574 4130 663 4201 545:
690 4158 787 4227 quem
811 4133 924 4225 Caper
945 4120 1190 4208 montuosis&
1209 4120 1242 4187 dl

177 4253 432 4338 praepositione
454 4272 501 4317 nx
526 4232 704 4331 tractaret,
718 4251 782 4316 ltoc
794 4250 981 4341 exemplum
991 4253 1116 4341 posuit.
1143 4234 1239 4330 Quode

179 4385 248 4426 non
273 4364 538 4454 improbabiliter
563 4367 761 4460 Suringurus
780 4368 821 4447 ΙΙ,
848 4393 882 4459 p.
899 4368 970 4436 ‘218
996 4385 1073 4459 sqq.
1100 4357 1236 4456 orposuit⁴
