2872 4942
163 382 238 453 408
372 372 376 378 ’
580 408 634 449 ru.
659 408 700 448 oe
729 404 845 449 rttvrt

160 579 304 647 busdam
331 582 430 646 ctiam
457 574 614 644 deserere
640 576 786 657 Plautus,
812 595 923 643 tamen
948 600 992 642 ne
1016 600 1158 643 neeesse
1182 577 1244 670 qui-

160 696 240 761 drm
258 717 334 763 esse
352 717 388 760 ut
405 695 590 787 Megabyzo
608 693 809 760 Menandrio
825 693 1003 785 Megabyzi
1021 691 1128 757 lilium
1143 692 1246 757 Theo-

161 814 279 877 timum
306 808 441 876 Plautus
468 811 677 877 substituisse
704 807 869 874 credatur.
898 807 1025 889 Quidni
1048 809 1140 873 enim
1160 809 1247 873 etiarn

159 927 251 1021 apud
273 925 504 993 Menandrum
520 927 738 1017 interroganti
751 923 918 991 Nicobulo
933 923 1153 1015 respondere
1166 948 1249 1010 men-
1265 941 1269 946 ’

160 1043 356 1109 dacissitnns
392 1066 508 1107 servus
544 1042 713 1134 potnerit:
758 1064 831 1105 non
870 1039 1006 1133 quidem
1039 1038 1249 1130 Megabyzrn

162 1165 253 1253 ipsc,
289 1157 353 1223 sed
381 1181 469 1223 sorte
503 1182 548 1223 ex
580 1181 621 1222 eo
652 1172 755 1221 iaetus
778 1154 918 1248 quidam
942 1156 1164 1223 Theotimus:
1187 1156 1251 1220 -i

162 1273 278 1357 Quid?
306 1272 399 1367 quod
420 1274 584 1340 rationem
609 1271 696 1338 adeo
722 1272 916 1365 perspicere
941 1271 1043 1351 licet,
1071 1298 1135 1338 eur
1159 1298 1251 1365 prae·

160 1394 293 1457 nussam
337 1388 493 1482 Chrysali
540 1388 722 1454 mendaciis
758 1386 916 1454 Nicobuli
959 1388 1251 1480 interrogationem

160 1505 296 1571 Plautus
320 1504 500 1571 sustulerit
550 1504 704 1596 Namque
738 1504 796 1597 qui
822 1503 964 1569 Graecis
988 1502 1177 1569 Menandri
1203 1528 1251 1569 ae·

161 1639 226 1685 tate
258 1620 422 1685 notissimi
455 1619 590 1685 suerunt
619 1619 796 1711 Megabyzi
828 1619 898 1683 sire
931 1616 1057 1684 aeditui
1091 1618 1250 1712 Ephesiae

161 1739 307 1814 Dianae,
343 1760 410 1801 nou
437 1737 515 1802 item
540 1735 708 1801 credibile
737 1752 787 1800 est
818 1734 906 1799 inter
930 1734 1099 1800 Romanos
1130 1735 1249 1801 tamin

161 1851 279 1942 vulgus
306 1869 402 1917 notos
430 1851 544 1929 inisse,
568 1868 611 1928 ut,
638 1853 696 1941 qui
723 1848 767 1916 de
792 1850 957 1942 pecuniae
982 1849 1074 1941 apud
1092 1850 1250 1941 Ephesios

164 1964 315 2056 periculo
342 1964 485 2044 audiret,
512 1964 595 2032 nihil
622 1967 653 2031 ei
679 1968 773 2031 citius
796 1990 895 2056 quam
914 1966 1177 2057 blegabyzorunt
1200 1988 1249 2028 re-

163 2080 313 2148 cordatio
340 2097 561 2147 succurreret.
595 2080 650 2159 At,
677 2080 794 2171 inquit,
818 2081 898 2145 istos
924 2080 1131 2173 Megabyzos
1154 2105 1249 2145 enno-

164 2197 245 2261 ehos
271 2195 496 2287 prodiderunt
522 2197 643 2263 Strabo
666 2197 766 2274 XIV,
788 2220 822 2286 p.
851 2191 920 2261 641
949 2194 1036 2281 (950
1063 2193 1107 2277 a.)
1143 2213 1195 2274 ct,
1226 2195 1248 2259 si

166 2310 216 2373 dis
246 2310 374 2403 placet,
407 2310 593 2381 Heraclitus
627 2309 775 2403 Epistola
810 2308 854 2374 ad
886 2309 1139 2377 Hermodorum
1166 2304 1248 2402 apud

168 2425 365 2493 l'nlitiennut
391 2426 580 2495 bliscellan.
615 2452 689 2518 cap.
715 2428 773 2494 51.
822 2425 907 2491 Nam
943 2450 1021 2490 sane
1059 2425 1153 2517 rspud
1177 2423 1248 2492 reli·

165 2565 248 2631 qum
276 2544 460 2633 scriptores
488 2567 589 2633 supra
615 2559 815 2609 memorante
838 2538 920 2606 nibil
954 2540 1120 2607 eiusmodi
1145 2556 1247 2607 exstat.

166 2657 273 2731 hluto,
300 2658 420 2746 quibus
443 2660 577 2750 argmiis
596 2658 738 2725 hleursii
764 2659 904 2748 ineptias
932 2655 1062 2721 diluere
1084 2658 1246 2722 Hemster-

166 2771 279 2835 husius
303 2773 457 2847 institnit,
490 2774 585 2839 mitto
619 2771 881 2838 infelicissimam
908 2772 1003 2838 huius
1032 2773 1243 2839 coniecturam

167 2884 317 2951 Plautino
342 2891 451 2954 versui
471 2887 671 2955 adhibitam:
699 2884 948 2976 Megalobyzus
963 2885 1088 2979 fidius.
1114 2890 1247 2975 Verum-v

170 3004 339 3067 enimvero
377 3003 418 3069 ud
445 3003 598 3071 Plautum
634 3002 771 3097 quidem
800 3005 939 3094 eiusque
966 3001 1152 3069 fabularum
1176 3024 1240 3091 ape·

169 3132 313 3183 etutnres
354 3118 436 3209 qnid
472 3117 607 3184 tandem
645 3120 821 3196 attinebat,
859 3135 1010 3183 accurate
1039 3118 1238 3184 condiciones

168 3245 280 3295 tenere
308 3232 395 3299 illius
419 3234 614 3301 sacerdotii?
665 3239 752 3318 Quas
789 3251 824 3299 ut
852 3232 974 3327 largiar
998 3232 1179 3298 Menandri
1197 3252 1256 3293 ao·

169 3344 321 3434 andibus
348 3373 414 3414 non
442 3351 589 3441 potuisse
616 3353 744 3443 ignotas
773 3374 857 3428 esse,
884 3368 992 3415 tamen
1019 3349 1073 3414 vel
1103 3349 1157 3415 hic
1180 3347 1235 3436 ipse

168 3476 293 3527 tanturn
320 3465 414 3529 abest
440 3485 474 3531 ut
500 3492 568 3531 non
599 3468 747 3559 potuerit
776 3464 944 3530 Plautinae
977 3490 1097 3530 scenae
1135 3483 1244 3529 conve·

168 3576 302 3642 nienter
327 3603 398 3645 rent
424 3580 607 3660 instituere,
634 3581 716 3649 nihil
745 3601 779 3647 ut
804 3581 892 3646 iaetu
918 3581 1017 3645 suerit
1040 3577 1234 3646 commodius.

169 3804 306 3871 ciendae
333 3834 444 3875 caussa
471 3812 615 3902 primum
640 3838 779 3903 negare,
815 3811 859 3876 de
897 3836 963 3901 quo
991 3811 1175 3902 quaesierat
1196 3828 1234 3868 sc-

168 3943 241 3999 nex,
264 3924 484 4015 Megabyzum
513 3926 657 4019 aliquem
684 3927 794 4004 fuisse,
819 3928 975 3994 contiuuo
1003 3943 1112 3989 autem
1138 3922 1176 3988 ad
1196 3942 1234 3984 ca·

174 4035 328 4124 ptandam
344 4043 486 4108 veritatis
506 4044 654 4134 speeiem
677 4041 844 4135 quandam
869 4041 1021 4139 cupidius
1044 4042 1164 4106 iactare
1179 4036 1233 4103 Me·

168 4148 283 4241 gabyzi
302 4153 431 4221 filium?
465 4159 539 4239 Quo
567 4160 774 4249 apertissimo
797 4157 971 4223 mendacio
1000 4181 1034 4221 se
1061 4157 1134 4248 ipse
1162 4172 1233 4245 eoas.-

168 4286 271 4354 gnere
294 4266 543 4364 ridendumque
571 4275 735 4365 praebere
763 4274 801 4339 iis
829 4273 1070 4364 spectatoribus
1093 4261 1233 4362 putandus

170 4393 234 4457 ⁰³2>
268 4403 350 4473 ‘IUOS
379 4387 640 4482 Megabyzorum
675 4390 900 4483 Ephesiorum
927 4387 1157 4456 condicionem
1180 4399 1234 4448 tau·
