2872 4942
172 313 243 391 574
492 339 532 384 tx.
585 345 626 384 nr.
655 342 947 388 tsreerottrtose

171 507 420 603 redintegretur
446 515 650 578 constructio
676 513 876 592 verborum,
910 508 1022 582 temeti
1050 518 1122 591 eius
1146 517 1247 585 redin-

172 627 353 718 tegrandae
397 627 447 693 vie
487 629 695 718 apertissime
735 649 944 696 monstretur.
995 631 1084 697 Nem
1122 632 1246 701 alteram

173 742 309 833 quidem
336 741 492 809 versiculi
518 761 650 836 partem
675 741 771 808 facile
797 743 961 837 iutelligit,
990 748 1050 837 qui
1067 746 1245 814 harumre·

170 885 243 924 rum
271 883 366 945 usum
389 859 509 938 habet,
549 883 664 925 errore
692 877 817 925 tentum
846 887 863 925 e
890 887 917 926 v.
944 863 990 930 37
1019 865 1176 930 iteratam
1200 891 1244 931 ex·

170 975 305 1039 trusisse
341 974 401 1053 eff,
446 975 566 1066 quibus
601 975 703 1041 oratio
742 1001 830 1042 nuuc
863 976 975 1042 mutila
1010 980 1242 1071 compleretur:

167 1088 268 1182 plane
294 1106 331 1154 ut
355 1090 477 1157 eccidit
500 1091 637 1158 Veteris
664 1091 788 1157 codicis
814 1091 949 1160 librario
976 1095 1012 1159 in
1041 1097 1139 1160 Trin.
1167 1099 1203 1176 V,
1217 1100 1241 1176 9,

168 1207 224 1273 50.
252 1198 318 1285 51,
347 1230 430 1298 quos
456 1203 516 1272 iile
543 1232 655 1272 versus
680 1208 714 1270 in
742 1209 827 1272 hanc
853 1209 1003 1300 speciem
1032 1213 1240 1304 perscripsit:

264 1316 406 1412 Aperite
432 1321 496 1385 Irae
520 1325 650 1412 aperite
672 1345 817 1411 propere
841 1322 934 1425 Wd
955 1349 1031 1388 eam
1058 1333 1226 1392 conuentu

265 1438 378 1504 Foras
403 1454 543 1502 euocate
567 1441 618 1502 ita
639 1436 783 1502 subitost
805 1462 950 1530 propere
975 1441 1072 1532 quod
1102 1443 1145 1508 eu
1170 1467 1239 1508 con·

431 1564 460 1597 ⁴*
758 1549 867 1618 uentu
889 1551 1019 1639 uolo.*)

167 1667 257 1759 Ergo
284 1660 401 1733 licebit
425 1668 487 1733 arti
512 1685 545 1734 et
565 1668 684 1734 rationi
712 1671 949 1737 convenienter
970 1670 1019 1738 sic
1043 1671 1174 1740 luxatos
1196 1697 1239 1739 se·

165 1807 247 1848 num
269 1808 440 1850 sermones
465 1786 724 1853 reconcinnare:

263 1920 353 1966 orno.
389 1900 505 1991 Homo
539 1895 752 1965 co'nducatur
787 1897 856 1965 ia'm
898 1899 1045 1993 aliquis,
1086 1897 1239 1996 quantu'm
1276 1968 1279 2021 i

757 2032 880 2108 potest,-
1051 2029 1054 2034 ’
1234 2066 1237 2070 -
1276 2030 1279 2203 Ι

262 2127 398 2223 Igno'ta
411 2133 529 2217 facie,
554 2125 641 2223 quae
663 2155 735 2196 uon
763 2128 902 2197 visitata
925 2135 983 2199 sit.

260 2249 301 2316 Is
325 2249 424 2313 homo
450 2242 638 2313 exornetur
661 2245 825 2338 grcipltiee
858 2251 895 2312 in
919 2224 1149 2339 peregrinum
1177 2272 1235 2314 mo-

756 2363 858 2438 dum,
1015 2372 1018 2377 ⁴
1245 2350 1247 2356 Ι

265 2481 375 2571 Quasi
407 2474 457 2545 st't
485 2484 700 2572 peregrinus.
755 2502 831 2546 oAa.
868 2473 951 2572 quid
984 2483 1013 2545 is
1040 2481 1108 2546 scit
1121 2486 1234 2568 facere

754 2590 897 2687 po'steai
1277 2620 1279 2691 i

259 2734 347 2780 Meo,
373 2709 649 2780 Menda'ct‘loeum
674 2712 819 2803 aliquem
847 2708 933 2798 [esse
948 2706 1124 2777 leontinem
1149 2736 1232 2805 opor·
1277 2746 1279 2761 =

757 2844 806 2893 tet
833 2823 874 2891 de'
890 2825 1012 2915 form]

259 2940 481 3020 Falsr‘dicum,
506 2937 743 3035 confidentem.
797 2964 873 3008 oAL.
896 2941 979 3034 quid
1003 2960 1076 3008 tum
1096 2939 1232 3036 po'stea?

262 3080 349 3128 Mna.
380 3062 489 3151 Quasi
512 3057 561 3124 a'd
586 3058 837 3124 adulescentem
864 3084 891 3124 e.
916 3085 947 3151 q.
975 3084 1002 3123 s.

167 3175 264 3244 Conf.
300 3175 449 3242 eiusdem
483 3200 603 3242 scenae
626 3201 654 3241 v.
682 3172 743 3244 86:
784 3175 860 3264 Ego
897 3173 1152 3266 sycophantam
1182 3179 1234 3239 iam

165 3290 318 3358 conduco
344 3291 395 3356 de
410 3296 537 3379 foro.
571 3324 618 3338 -
660 3290 818 3356 Ceterum
844 3291 898 3356 vix
922 3289 1041 3357 dubito
1069 3293 1154 3384 quin
1176 3289 1231 3355 illa:
1277 3322 1279 3369 ς

162 3406 246 3500 quid
269 3411 304 3473 is
330 3411 416 3471 scit
428 3411 557 3492 faeere
579 3422 718 3498 postea,
758 3405 833 3471 satis
862 3429 901 3471 eo
936 3405 1095 3498 exemplo
1133 3405 1231 3472 desen·
1277 3416 1279 3457 ἓ

163 3523 303 3602 dantur,
338 3521 430 3614 quod
458 3548 497 3587 ex
519 3524 593 3613 ipso
616 3521 732 3588 Plauto
758 3523 899 3614 petitum
922 3521 988 3588 huc
1011 3518 1230 3590 accommode·
1276 3484 1279 3631 1

161 3659 248 3721 runt,
274 3641 364 3705 Pers.
391 3639 448 3717 IV,
470 3637 502 3718 6,
525 3639 613 3705 init:

260 3778 340 3822 noe.
365 3753 504 3821 Probae
536 3755 590 3819 Iu'e
615 3759 757 3846 argenti
778 3770 859 3818 sunt
880 3757 1071 3843 sexaginta
1097 3759 1212 3824 minae,
1275 3728 1279 3807 i

259 3871 400 3937 Duobus
438 3875 583 3935 nummis
614 3874 733 3934 minus.
801 3891 881 3936 sAT.
923 3866 1006 3962 quid
1047 3872 1081 3935 ei
1121 3863 1229 3935 numni
1277 3888 1279 3937 ζ

752 3969 889 4034 sciunt?

162 4090 247 4156 Nam
273 4086 355 4181 quid
377 4091 490 4153 sciunt
516 4084 610 4164 illud,
636 4085 668 4149 h.
684 4110 709 4150 e.
725 4083 808 4176 quid
820 4099 976 4175 possunt,
1000 4057 1131 4166 valent,
1147 4101 1227 4176 pror·
1277 4104 1279 4163 ς

210 4286 235 4354 *)
256 4283 354 4403 Sipphe
373 4283 490 4350 exetnpla
507 4283 582 4350 tetigi
600 4298 677 4350 supra
697 4299 724 4349 p.
742 4270 803 4334 237.
824 4280 884 4332 472.
902 4278 974 4343 477,
994 4278 1077 4348 longe
1096 4279 1168 4347 plura
1182 4273 1227 4326 olim

261 4368 277 4402 e
313 4362 401 4403 iturus.
928 4374 934 4383 ·
