2872 4942
164 336 236 407 592
505 361 534 401 x.
576 362 616 403 ou
644 360 773 403 serisso
803 359 899 402 exn-v

166 532 262 597 troili
285 531 409 609 liberis,
437 531 557 622 quibus
581 528 704 595 licebat
730 557 807 595 sarie
833 529 931 596 alicui
956 530 1182 619 grammatico
1206 555 1249 592 ex-

165 647 292 739 plicaro
319 646 373 710 illa
401 645 539 721 resudant
562 645 610 709 od
631 645 764 710 liberos.
792 647 959 709 Insertum
988 664 1110 711 etitem
1134 645 1248 710 iuberet

162 762 215 824 vix
242 763 365 852 patitur
391 759 486 824 aliam
511 759 777 825 emendationem
806 761 855 823 sni
881 761 1059 825 sicariam.
1164 761 1250 826 Vnt)

164 877 367 967 obsequerer
403 876 585 941 Grauertus
627 896 660 942 et
693 866 941 943 Doederliuus:
987 876 1167 972 obsequar
1199 900 1251 941 nou

165 997 278 1084 inepte
310 992 470 1070 Rotbius,
506 992 538 1055 in
573 991 713 1084 reliquis
740 991 825 1057 ultra
852 1017 953 1082 quam
992 992 1124 1058 eredas
1158 990 1251 1059 hariu-
1283 1030 1285 1043 ι

164 1107 270 1172 latus..
435 1107 471 1170 V.
504 1111 543 1173 11
582 1106 644 1170 adt
668 1131 731 1197 pro
763 1106 839 1185 abi,
874 1105 969 1197 quod
1008 1132 1158 1198 prorsus
1190 1106 1251 1171 bine

165 1223 323 1303 alienum,
349 1222 495 1298 Butbius,
523 1221 577 1288 hie
605 1247 741 1314 quoque
767 1240 898 1288 temere
921 1226 1065 1288 mutatis
1090 1225 1248 1316 proximis
1283 1280 1285 1287 .

164 1339 296 1403 Rectius
329 1355 437 1402 autem
474 1337 557 1402 haec
584 1340 676 1403 Davo
712 1339 904 1403 tribuuntur
935 1364 1044 1429 quam
1087 1337 1249 1431 Pamphilo
1283 1390 1285 1397 .

163 1430 408 1518 contiuuaoiur.
564 1468 598 1515 et
620 1476 687 1542 age
709 1453 841 1517 bomini
871 1451 1133 1519 Doederlinus:
1167 1474 1250 1545 quam

162 1568 415 1634 collocationem
438 1568 618 1633 verborum
646 1568 819 1632 confirmat
841 1566 915 1633 cod.
943 1569 1183 1635 Ebneriauus.

161 1687 201 1749 V.
232 1687 275 1752 12
301 1687 474 1748 carissime
501 1710 519 1748 e
545 1683 629 1748 nribi
653 1688 814 1773 ogissirne
840 1682 947 1749 effecit
982 1684 1142 1751 Zeunius
1154 1736 1165 1766 ,
1195 1708 1249 1749 uou

162 1819 198 1865 ut
223 1799 440 1877 satisfecerit,
474 1797 535 1864 sed
563 1819 670 1865 tamen
694 1816 729 1863 ut
755 1825 823 1867 non
849 1816 1011 1891 suppetat
1039 1802 1145 1893 quod
1169 1824 1252 1894 prae·

163 1933 233 1981 stet.
335 1916 376 1982 V.
407 1916 536 2006 13sqq.
564 1915 684 1980 frustra
710 1915 854 1993 suerunt,
876 1916 934 2006 qui
961 1898 1055 1983 haee
1083 1917 1250 1983 iunxerunt

164 2028 411 2096 construendo:
438 2053 539 2120 qiiam
565 2029 622 2107 id,
653 2028 745 2121 qirod
758 2029 828 2093 'abs
854 2046 887 2093 te
912 2046 1067 2120 expete,
1104 2057 1159 2097 me
1183 2055 1247 2121 rep-

158 2150 298 2238 perisse.
334 2145 418 2208 Nam
441 2170 503 2210 uec
530 2150 681 2238 reperire
709 2143 840 2222 dicitur,
867 2143 961 2236 quod
990 2146 1074 2237 quis
1104 2147 1247 2238 precibus

163 2262 204 2325 ab
231 2259 337 2325 altero
365 2261 531 2350 impetrat,
559 2285 642 2339 nec,
666 2261 693 2322 si
718 2259 949 2350 superioribus
976 2259 1181 2328 reserantur
1205 2282 1246 2325 me

162 2379 359 2470 repperisse,
385 2374 546 2466 proximis
563 2373 655 2466 ‚quid
681 2375 738 2439 fiat
761 2373 859 2441 facile
885 2373 1069 2469 intelligas.
1105 2381 1247 2470 Quapro-

160 2510 239 2584 pter
263 2510 296 2557 et
322 2491 399 2557 huic
424 2491 639 2557 incommodo
667 2510 699 2558 et
724 2489 864 2582 reliquis
891 2490 1151 2561 difficultatibus
1185 2516 1247 2558 ver·

159 2610 280 2675 borum
307 2606 407 2698 longe
437 2609 775 2697 corruptissimorum,
804 2608 963 2699 equibus
988 2632 1073 2675 sana
1096 2611 1168 2675 erui
1183 2632 1245 2674 sen·
1283 2660 1285 2709 !

162 2726 264 2789 sentia
290 2724 342 2787 vix
370 2746 467 2812 posse
495 2723 639 2814 cuipiam
666 2722 916 2813 videaturhite
943 2728 1196 2811 sueeurrimus,
1218 2737 1244 2785 ut
1283 2722 1285 2793 J

162 2838 251 2902 nulla
278 2836 525 2929 propemodum
553 2836 701 2902 litterula
728 2818 857 2903 mutati
871 2840 906 2903 in
933 2840 1081 2930 paribus
1106 2860 1244 2907 versuum

161 2952 243 3023 locis
269 2951 411 3044 pericula
439 2951 604 3043 quaedam
629 2953 791 3019 excidisse
826 2954 1096 3045 suspicaremur:
1137 2955 1241 3048 quibus
1282 2934 1285 2963 ¹

163 3067 301 3159 quidem
340 3068 423 3134 locis
463 3071 632 3133 communi
668 3068 780 3161 aliquo
817 3095 892 3137 casu
932 3090 1118 3164 corruptas
1159 3071 1241 3137 fuisse

166 3182 294 3246 chartas
318 3183 390 3249 veri
418 3181 526 3247 simile
554 3184 603 3248 sit.
662 3186 773 3275 Atque
797 3188 933 3250 evenire
960 3209 1003 3249 an
1027 3191 1184 3253 evenisse
1204 3205 1240 3244 an

164 3296 325 3386 obtigisse
361 3316 527 3390 praestet,
567 3298 719 3366 dubitare
743 3299 841 3367 iicet:
880 3325 944 3390 ego
977 3319 1094 3368 autem
1131 3320 1238 3394 prono·

162 3438 242 3479 men
260 3411 382 3478 accidit
404 3431 440 3478 ut
466 3415 531 3479 suis
559 3416 699 3480 inventis
727 3418 826 3482 etiam
845 3416 1029 3483 Grauertus
1048 3415 1237 3485 adhibuerit

162 3528 333 3595 Sententia
355 3530 427 3620 ipsa
453 3532 528 3595 satis
553 3531 587 3593 in
615 3531 752 3596 Charini
776 3551 922 3599 mentem
950 3537 1127 3601 convenit.
1168 3534 1235 3600 Nam

160 3643 231 3724 ille,
257 3645 405 3736 ambigo,
433 3646 558 3737 inquit,
586 3663 693 3711 utrum
719 3674 736 3712 e
765 3623 914 3730 duobus,
943 3675 1031 3742 quae
1059 3678 1152 3718 nune
1171 3644 1235 3716 mihi

162 3762 328 3840 eveniunt,
352 3760 479 3852 gaudiis
505 3765 615 3853 potius
643 3762 769 3847 dieam3
795 3790 869 3830 nam
898 3767 959 3832 etsi
986 3767 1075 3840 nihil
1092 3794 1170 3835 sane
1192 3786 1234 3830 ex·
1266 3792 1270 3799 ·

162 3878 304 3965 optatius
340 3879 448 3967 potuit
482 3877 660 3959 accidere,
699 3906 797 3971 quam
834 3881 926 3972 quod
956 3907 1048 3950 nunc
1085 3885 1153 3951 voti
1183 3876 1231 3946 mei

161 4009 347 4084 gnataeque
376 4013 450 4058 tuae
479 4019 616 4085 compos
642 3995 704 4075 110,
742 4018 852 4063 tamen
885 4023 955 4064 non
988 4001 1133 4068 minoris
1154 3996 1232 4065 aesti-

133 4118 135 4124 '
160 4130 227 4185 mo,
255 4107 346 4199 quod
375 4128 414 4189 te,
443 4113 535 4175 euius
563 4113 597 4174 in
618 4138 670 4176 me
694 4112 898 4179 voluntatem
921 4116 1032 4181 minus
1049 4143 1151 4210 quam
1171 4112 1230 4180 olim

160 4246 363 4314 propensam
390 4227 602 4316 suspicabar,
639 4253 705 4295 non
732 4249 872 4294 mutasse
899 4232 1047 4296 animum
1077 4248 1228 4326 cognosco·

161 4339 287 4418 Quibus
316 4339 435 4405 auditis
463 4343 664 4434 Pamphilus,
688 4321 784 4424 inde,
813 4348 866 4425 ait,
893 4350 1024 4445 poteris
1051 4348 1228 4438 intelligere,
