2872 4942
501 354 641 400 annana
669 353 914 398 renunciante.
1179 325 1250 395 587

163 513 195 601 C
325 527 378 600 14.
405 530 584 620 reperisse,
610 543 646 590 ut
669 522 858 591 ltahttosG
1006 520 1076 586 tibi.
1103 525 1254 586 animum

162 649 223 714 EA
350 644 402 713 15.
433 642 559 734 Quoad
588 665 726 734 cumque
752 641 791 706 E.
819 664 884 731 quo
912 637 1098 729 adeuntque
1124 637 1155 702 G

124 797 128 802 ·
165 758 304 848 interit]
332 776 368 825 ut
394 764 460 824 erit
487 760 518 825 G
631 755 703 824 ⁴16.
720 759 850 842 facere
877 780 920 821 ex
945 779 997 818 rae
1024 757 1255 819 coniectarent

164 904 211 945 eoo
236 902 288 942 me
312 877 390 941 licet
417 877 447 941 G
553 879 608 945 17.
634 896 781 938 noveras
802 870 864 938 EG
988 890 1068 938 cun.
1098 867 1255 952 Gnatam

164 995 197 1061 G
299 994 354 1061 18.
373 987 606 1059 Philomelam
631 988 665 1056 G
807 990 969 1056 Ceterum
996 983 1077 1051 inde
1104 1011 1122 1050 a
1148 1011 1178 1050 v.
1209 983 1254 1050 10

163 1107 280 1202 paullo
307 1105 404 1173 aliter
432 1104 611 1223 dispositos
626 1104 777 1197 Guyetus
805 1105 966 1183 exhibuit,
993 1104 1037 1169 ita
1061 1118 1098 1167 ut
1119 1119 1255 1193 septen·

165 1223 277 1292 decim
304 1239 429 1288 tautum
455 1221 647 1287 efficiantur.

297 1340 349 1403 De
375 1337 426 1402 his
453 1336 553 1427 igitur
574 1335 726 1402 versibus
758 1353 795 1400 ut
826 1351 920 1400 reete
954 1331 1141 1410 iudicetur,
1179 1356 1253 1398 cuin

168 1478 256 1547 quae
279 1453 364 1518 ratio
386 1453 473 1517 inter
500 1476 558 1519 eos
584 1447 774 1516 intercedat
798 1466 830 1514 et
855 1448 1005 1542 reliquae
1042 1446 1174 1514 fabulae
1201 1473 1254 1512 ar-

133 1642 135 1646 ,
167 1585 364 1660 gumentunr
391 1583 424 1633 et
449 1565 714 1657 dispositionem,
738 1563 968 1657 quaerendum
996 1582 1062 1642 cst,
1089 1582 1158 1631 tum
1180 1564 1253 1656 ipsa

165 1708 323 1751 versuum
348 1680 481 1764 indoles
505 1680 548 1747 ad
573 1682 652 1748 artis
667 1705 830 1753 ,normam
857 1654 1136 1774 exigenda⁸Nec
1162 1705 1254 1760 vero,

170 1825 237 1891 qua
260 1815 328 1864 arte
356 1823 460 1890 quave
486 1799 604 1863 inertia
629 1797 705 1864 facti
731 1799 806 1876 sint,
835 1799 1007 1863 aestimare
1021 1797 1113 1890 prins
1140 1796 1256 1862 licebit

136 1908 139 1915 ¹
167 1939 270 2006 quam
295 1941 312 1978 a
339 1911 491 1993 mendis,
516 1915 637 2005 quibus
663 1911 833 2000 laborant,
870 1912 1036 2004 probabili
1063 1913 1190 1978 ratione
1216 1911 1256 1977 lia

166 2028 276 2099 baruti
306 2028 398 2095 etin
425 2052 496 2093 eam
519 2029 751 2118 integritatem,
778 2028 805 2093 si
827 2026 931 2093 modo
947 2029 1087 2118 possint,
1112 2027 1256 2094 restituti

163 2143 299 2222 fuerint,
327 2168 392 2234 qua
427 2143 615 2209 entanibus
639 2160 771 2233 poetae,
798 2144 992 2234 quicunque
1011 2141 1150 2221 illesnit,
1174 2167 1255 2234 pro·

166 2256 257 2323 disse
284 2255 450 2324 credibile
475 2260 527 2323 sit.
593 2255 721 2340 Quodsi
752 2283 788 2323 ea
816 2259 955 2350 pristina
980 2256 1116 2324 illorum
1150 2258 1256 2323 forma

166 2373 297 2454 fuisset,
321 2398 421 2465 quam
447 2373 647 2440 instaurasse
675 2372 738 2438 sibi
764 2373 899 2440 Bothius
929 2392 962 2440 et
988 2374 1169 2440 Grauertus
1195 2372 1255 2440 visi

167 2507 255 2569 sunt,
281 2507 392 2556 actum
417 2513 497 2555 sane
524 2504 610 2556 esset
635 2486 680 2554 de
709 2514 826 2557 eorum
848 2490 1051 2583 antiquitate,
1077 2514 1141 2565 nec
1167 2507 1256 2556 esset
1301 2467 1303 2472 Ι

165 2601 264 2698 quod
288 2601 341 2670 vel
381 2601 546 2670 tantillum
576 2627 700 2697 operae
735 2603 770 2668 in
798 2605 845 2670 eis
867 2624 1073 2696 poneretur:
1114 2602 1256 2671 tantilli

167 2743 238 2787 non
263 2717 366 2785 modo
401 2719 551 2786 inficetos
586 2718 770 2786 versiculos
799 2720 1027 2812 procuderant
1050 2740 1084 2787 et
1107 2718 1159 2787 vel
1181 2744 1255 2786 mc·
1291 2795 1294 2803 Ι

169 2833 280 2901 diocri
305 2853 406 2925 poeta
432 2833 599 2927 indignos,
626 2833 687 2900 sed
712 2861 730 2900 a
752 2834 869 2930 lingna
888 2854 921 2902 et
947 2837 1093 2902 numeris
1121 2854 1155 2902 et
1179 2861 1255 2902 sen-

169 2952 273 3017 tentia
304 2950 439 3018 vitiosos
467 2967 566 3017 etex
599 2967 695 3042 parte
733 2977 813 3019 vere
848 2953 1019 3020 barbaros.
1080 2950 1181 3035 Quod
1212 2976 1255 3017 ne

168 3067 314 3133 severius
353 3091 451 3158 quam
486 3067 601 3132 iustius
635 3066 800 3135 iudicasse
833 3069 1082 3148 existimemur,
1120 3066 1255 3160 (neque

144 3180 261 3247 ¹enim
285 3182 319 3247 in
347 3181 552 3274 exagitandis
579 3199 613 3248 et
636 3183 881 3278 redarguendis
903 3185 1040 3280 singulis
1064 3182 1179 3277 placet
1194 3188 1256 3250 n'o-

168 3297 221 3364 bis
248 3321 320 3363 esse
346 3296 509 3390 putidisz)
537 3297 739 3368 documento
766 3319 861 3369 sunto
883 3330 912 3369 v.
943 3305 1071 3395 13sqq.
1096 3302 1146 3367 >sic
1172 3300 1255 3366 scri-

169 3413 221 3504 pti
243 3439 262 3478 a
287 3412 467 3480 Grauerto:

189 3524 311 3615 (CBA.)
337 3524 513 3621 Quidquid
537 3529 673 3597 beatum
698 3549 761 3607 est,
787 3528 871 3600 mitt
891 3535 952 3626 pol
967 3539 1079 3600 minus
1100 3549 1152 3599 est
1168 3525 1256 3622 gaii-

766 3647 835 3729 dio,

324 3760 437 3850 Quom
462 3759 499 3825 id
528 3756 622 3850 quiid
654 3787 719 3852 ego
746 3788 769 3828 a
794 3780 827 3829 te
853 3759 975 3856 expetti
998 3787 1050 3828 me
1077 3766 1254 3855 reperisse.

766 3873 814 3947 'V
810 3895 824 3943 t
849 3879 983 3947 liabitas

321 3987 483 4057 Autelta‘c
498 3995 563 4078 sui
594 3989 657 4057 tibi
688 3995 802 4056 attinio
838 3992 887 4058 a'd
917 4018 1055 4086 eamque
1090 3991 1259 4085 appliodvi

663 4109 667 4116 ’
744 4133 826 4201 ἱιιιιι,

321 4223 478 4292 Studium
504 4219 630 4291 c'xittde
653 4241 689 4290 ut
716 4230 792 4304 orit,
815 4219 887 4292 trite
913 4223 1173 4293 existimaretis.

159 4337 319 4410 Hoseine
349 4340 574 4413 ‚Terentianas
608 4366 723 4412 versus
749 4340 842 4412 credi
874 4342 1047 4435 potuisse?
1083 4365 1166 4432 quos
1194 4363 1256 4406 nec
