2872 4942
393 347 532 400 tnsstttss
560 345 800 398 renarrante-
1068 321 1138 394 601

50 523 180 593 Andria
203 524 298 589 binas
323 511 435 611 partes
456 517 618 589 habemus
644 517 689 607 ita
714 515 803 583 iuxta
826 515 971 608 positas,
1006 533 1042 584 ut
1067 540 1136 585 non

52 640 181 729 possint
204 641 293 711 inter
318 661 353 702 se
378 632 448 704 ullo
472 651 577 725 pacto·
595 631 789 717 conciliari,
822 630 884 699 sed
904 635 1004 719 ascita
1030 632 1137 713 altera

25 834 36 855 ,
55 774 228 827 aversetur
250 753 414 826 alteram..
435 749 736 822 verumenimvero
763 747 828 816 tale
852 749 1042 841 exemplum
1066 751 1143 825 An-

55 872 151 942 driae
176 888 323 964 prorsus
340 866 510 960 geminum
532 864 601 933 sola
617 850 760 957 praebet
780 864 999 935 Poenulus
1023 864 1144 949 Plau..

56 990 175 1068 tina,
211 988 303 1059 cuius
338 982 425 1055 duae
452 1006 570 1053 scenae
599 1000 767 1053 extremae
793 1005 831 1049 ca
858 998 934 1051 sunt
958 982 1144 1073 argumenti

60 1103 276 1199 aequalitate,
311 1118 348 1167 ut
373 1099 530 1167 alterutra
557 1116 680 1169 tautum
699 1099 849 1189 potuerit
869 1097 904 1177 in
928 1122 1028 1165 scena
1053 1098 1145 1165 reci„

61 1219 135 1297 tari,
185 1217 270 1284 Nam
298 1241 338 1290 ex
358 1216 432 1308 ipsa
456 1213 650 1306 antiquitate
672 1211 839 1305 proditam
856 1202 1030 1307 utramque
1057 1238 1144 1296 esse,

59 1352 98 1407 et
119 1332 221 1401 verba
243 1331 494 1423 sententiaeque
521 1325 872 1427 ostenduntcminime
902 1327 982 1413 illae
1013 1329 1144 1423 impio-

57 1447 202 1529 babilas,
230 1466 263 1515 et
279 1448 412 1515 numeri
429 1443 565 1522 docent,
581 1422 730 1536 qualesa
749 1441 1011 1536 nunnunquam
1033 1469 1143 1537 gram-t

57 1566 181 1639 matico
207 1563 285 1630 facti
311 1579 402 1637 sunta
430 1579 466 1633 ut
491 1579 606 1633 conus
630 1559 755 1652 siquis
780 1559 914 1641 sentiat,
939 1559 988 1627 n'il
1015 1562 1143 1630 sentiat.

58 1678 190 1754 Eadem
214 1679 409 1755 autemhac
445 1677 564 1749 virtute
595 1699 671 1746 cum
692 1673 769 1756 illa,
802 1677 838 1750 in
871 1701 936 1769 qua
966 1675 1145 1745 iudicanda

57 1819 241 1873 versamur,
263 1792 411 1867 Andriae
438 1817 536 1863 scena
562 1806 725 1883 praestet,
751 1809 891 1884 apparet
913 1818 972 1860 cur
995 1819 1013 1859 a
1036 1793 1145 1860 Grau-

61 1929 135 1984 erto
163 1910 259 1983 uobis
286 1907 552 1983 dissentiendum
573 1908 625 1986 sit,
652 1908 710 1999 qui
736 1908 868 2000 abipso
886 1910 1046 1977 Terentio
1067 1934 1148 2003 pro·

59 2026 185 2100 sectam
208 2027 331 2093 iccirco
357 2024 490 2116 negavit
508 2049 542 2116 p.
568 2023 664 2104 203,
695 2021 789 2116 quod
816 2024 857 2092 ab
883 2023 981 2092 huius
1008 2024 1147 2117 quidem

59 2144 238 2235 elegantia
257 2146 295 2206 'et
321 2157 398 2217 arte
422 2139 602 2207 recedant:
630 2140 751 2232 quibus
770 2140 882 2210 verbis
909 2139 1040 2210 videtur
1065 2167 1145 2209 saue

60 2283 220 2331 numeros
248 2276 282 2333 et
302 2281 493 2331 sermonem
518 2255 668 2326 voluisse
695 2256 892 2348 significare.
927 2255 1012 2329 Satis
1035 2276 1148 2325 autem
1200 2285 1204 2309 ¹

63 2377 234 2468 diremptu
272 2372 413 2447 difficilis
449 2374 594 2465 cuipiam
624 2398 664 2440 ca
708 2373 859 2466 quaestio
890 2372 1064 2457 videatur,
1102 2356 1147 2458 ut,

62 2508 177 2559 utrum
203 2488 334 2561 fabulae
363 2490 485 2555 exitum
515 2506 614 2580 poeta
642 2489 751 2580 primo
786 2488 925 2564 fecerit,
958 2508 1070 2559 utrum
1092 2515 1149 2555 re*

62 2606 208 2701 probato
241 2603 348 2672 altero
370 2620 489 2696 postca
514 2603 690 2684 adiecerit,
730 2603 932 2697 exploretur·
994 2605 1147 2697 Vtraque

68 2721 158 2805 enim
184 2720 298 2814 opinio
323 2737 435 2812 potest
458 2717 615 2811 prolecto
637 2717 727 2785 haud
753 2719 953 2812 spernendis
972 2745 1148 2814 argumen-

64 2838 107 2907 tis
127 2837 178 2927 ita
204 2837 366 2915 exornari,
391 2853 440 2915 ut,
468 2833 552 2927 qaid
577 2835 787 2928 potissimum
814 2861 975 2929 sequare,
1000 2838 1148 2906 incertus

63 2952 212 3028 haereas
264 2950 387 3036 Quidni
415 2951 503 3023 enirn
528 2952 730 3031 Terentius,
755 2948 947 3024 desiderari
969 2976 1069 3043 posse
1095 2949 1148 3018 vel

64 3065 153 3141 adeo
180 3065 366 3137 desiderari
397 3066 540 3140 sentiens
570 3067 762 3142 uberiorem
790 3065 832 3137 de
864 3067 1001 3137 Charini
1025 3068 1150 3160 nuptiis

67 3183 336 3276 expositionem,
363 3185 491 3255 reiecto
519 3185 578 3275 qui
600 3184 698 3256 nimis
719 3183 831 3253 brevis
857 3183 1025 3271 videretur
1052 3185 1150 3263 exitu,

64 3296 180 3390 paullo
219 3298 417 3391 amplior-ern
453 3303 488 3370 in
526 3298 615 3373 illius
653 3297 765 3369 lucem
801 3318 917 3392 postea
950 3299 1148 3368 suffecerit?

70 3415 196 3493 Contra
224 3414 307 3507 quid
333 3416 457 3496 obstat,
499 3417 675 3508 quominus
701 3442 720 3480 a
743 3417 912 3507 principio
933 3417 1038 3485 lactus
1066 3417 1149 3481 ubcs

68 3531 140 3633 rior
166 3531 270 3601 exitus
296 3532 361 3622 ipsi
386 3548 503 3622 postea
538 3549 656 3624 poetae
684 3529 916 3623 displicuerit?
951 3532 1151 3625 praesertim

69 3670 147 3714 cum
169 3647 203 3713 in
229 3670 268 3713 eo
292 3647 377 3726 sint,
404 3673 490 3740 quae
517 3649 638 3718 merito
665 3646 877 3742 displicuisse
901 3667 933 3718 et
958 3650 991 3712 in
1016 3648 1151 3713 brevius

52 3760 318 3837 ,contrahendae
359 3763 590 3854 catastrophes,
627 3767 746 3836 iustam
782 3768 926 3833 caussam
953 3763 1151 3855 praebuisse

68 3879 172 3951 dicas.
222 3881 333 3972 Atque
357 3879 422 3955 hoc
447 3880 558 3970 ipsum
583 3897 633 3952 ast
660 3879 837 3957 eiusmodi,
863 3896 899 3946 ut
923 3879 1058 3946 omnino
1084 3905 1153 3947 non
1252 3889 1254 3894 “

67 3997 115 4066 de
144 3993 273 4086 duplici
299 4019 402 4086 opera
426 3996 524 4067 unius,
543 4012 689 4086 poetae,
730 3994 792 4060 sed
818 3993 861 4060 de
887 3993 1018 4062 duobus
1043 3997 1152 4087 poetis

44 4109 287 4203 'cogitandum
310 4135 381 4181 esse
409 4110 506 4183 nobis
529 4134 665 4204 quoque
690 4112 960 4201 persuaserimus.
988 4111 1075 4187 Sunt,
1094 4136 1153 4179 au-

48 4246 143 4323 tent
167 4225 232 4294 duo
255 4227 462 4326 potissimum
486 4251 572 4327 quac
601 4223 779 4297 offendent.
808 4228 892 4295 Nam
918 4227 1064 4318 primum
1084 4226 1154 4307 etsi,

66 4367 159 4445 quae
186 4369 204 4412 e
230 4368 258 4411 v.
289 4347 333 4420 12
359 4343 523 4418 Charinus
549 4341 717 4443 loquitur,
744 4344 771 4410 si
795 4369 861 4443 per
890 4369 928 4412 se
954 4361 1156 4436 spectantur,
