2872 4942
417 368 440 409 ι.
464 366 506 407 na
535 366 651 426 arturi
680 368 805 409 rorum
834 368 1026 411 acumine.
1200 342 1246 411 27

172 543 228 627 que
255 535 407 607 ultimum
434 534 626 630 exemplum
651 524 716 606 hoc
732 530 918 631 'posueratz
944 535 1094 603 eiusdem
1120 535 1250 624 (Ennii)

168 653 203 717 ub
228 651 350 734 haedo,
378 653 545 719 elamor
570 670 604 718 et
629 653 686 719 ad
711 654 878 719 caelum
903 650 1148 721 volvenduu
1170 674 1251 743 ρει·

165 767 344 843 uetluere
372 792 427 832 να
435 766 553 859 git*).
580 769 648 834 Iam
675 771 721 836 sie
741 768 827 835 libri
841 784 1002 862 pergunt:
1019 772 1127 850 sueto
1139 769 1251 851 fren-

162 882 235 948 dice
250 882 394 969 frende
416 899 451 948 et
475 886 641 970 frutinni
666 889 826 967 suaviter
851 886 998 949 muccies
1023 886 1062 949 in
1084 885 1203 964 eufiue
1227 905 1251 945 u

151 999 346 1089 fringuilla
372 981 400 1065 ei
427 1024 459 1091 q.
487 1022 511 1063 s.
539 999 660 1091 crepis?
677 1004 761 1082 sees
784 999 976 1065 attoltuerut.
1003 1051 1011 1067 .
1036 1045 1044 1062 .
1072 1042 1082 1061 .
1123 998 1149 1061 E
1177 998 1253 1088 qui·
1303 996 1306 1001 ’

160 1116 220 1180 bus
239 1115 327 1181 haec
341 1113 451 1201 effecit
466 1113 666 1181 Muellerus:
680 1115 781 1183 Secti
797 1140 820 1179 u
840 1115 1027 1199 ftendice:
1051 1136 1069 1176 e
1081 1115 1137 1199 fr
1145 1109 1253 1175 ttrtde

156 1232 358 1316 fritinni
384 1233 594 1299 suaviter.
635 1218 774 1297 Mutia
796 1257 817 1295 a
839 1255 859 1295 a
884 1256 922 1297 ιιι
948 1232 1078 1298 Catina
1101 1252 1124 1290 e
1151 1229 1255 1313 frin-

158 1346 269 1437 guilla
297 1371 326 1410 e.
353 1372 389 1438 q.
415 1369 439 1411 s.
467 1349 600 1437 cepis.
627 1344 726 1414 Sueti
744 1372 766 1412 a
786 1344 982 1414 volucribus.
1005 1393 1014 1410 .
1039 1390 1048 1409 .
1073 1390 1082 1407 .
1108 1366 1255 1434 quorum

159 1478 347 1527 extremum
372 1459 571 1527 vocabulum
602 1479 735 1529 eatenus
762 1463 949 1553 praeiverat
973 1457 1174 1551 Spengelius
1189 1446 1254 1538 ·**),

160 1573 256 1667 quod
281 1598 306 1639 a
333 1570 463 1641 volucri
486 1594 718 1667 preposuerat
756 1579 832 1644 Nun
855 1577 964 1677 potuit
983 1572 1168 1641 Muellerus
1192 1590 1256 1636 no-

159 1707 227 1757 stra
249 1691 413 1757 sententia
437 1689 614 1757 infelicius.
665 1694 747 1759 Nam
782 1692 929 1785 primum
960 1689 1072 1755 nullus
1108 1710 1257 1781 unquam

160 1804 341 1873 Suetius
371 1823 474 1898 poeta
501 1806 572 1875 luit.
625 1808 735 1888 Quem
768 1805 827 1874 ille
863 1824 939 1898 post
972 1806 1128 1875 Bothium
1161 1807 1255 1873 Poet

159 1944 254 1987 coen.
280 1920 396 2013 fragm.
423 1921 465 1998 Il,
491 1946 525 2012 p.
551 1918 773 2013 stultosque
802 1948 820 1986 e
841 1923 984 1989 Charisii
1011 1921 1120 1987 verbis
1148 1943 1259 1985 arces-

161 2036 244 2101 sivit·
263 2059 301 2126 p.
327 2035 376 2104 80
402 2034 550 2126 exempli
571 2037 777 2103 Putsehieni:
818 2035 958 2112 Gelam,
973 2052 1021 2129 'et
1042 2036 1152 2102 Iulius
1175 2036 1257 2102 Mo·

163 2148 281 2215 destas
308 2154 369 2231 uit,
392 2175 456 2243 ρει·
478 2175 498 2214 ιι
520 2149 723 2226 scribemus,
744 2176 817 2217 ιιοιι
840 2177 904 2242 ρει·
924 2177 971 2239 y,
1001 2174 1089 2244 qaue
1123 2153 1260 2241 graecis

164 2263 338 2333 vocabulis
364 2270 562 2332 ιιεοειιαιὶα
590 2283 642 2332 est
664 2283 698 2333 et
724 2286 825 2360 saepe
852 2273 888 2333 in
912 2293 933 2333 ιι
959 2271 1100 2340 transit,
1122 2281 1161 2331 ut
1174 2263 1260 2331 Sue-

161 2385 236 2449 cius
269 2385 322 2448 ait
349 2384 387 2446 in
414 2380 538 2447 Mido:
568 2386 689 2447 inter
719 2407 765 2448 se
791 2381 1070 2473 deguleruut
1097 2382 1260 2454 umrtia;
1363 2400 1372 2411 ·

161 2522 286 2589 parum
312 2522 391 2563 sane
411 2496 642 2565 considerate:
671 2499 744 2589 quis
772 2500 861 2564 enim
876 2496 919 2563 de
938 2494 1143 2588 ignotissimo
1158 2508 1261 2585 poeta

166 2611 274 2679 iidem
303 2613 334 2679 ei
372 2613 562 2679 testimonio
594 2613 732 2693 habeat,
771 2637 837 2705 quo
869 2610 967 2677 simul
1000 2608 1120 2675 Midea
1150 2604 1262 2673 fabula

169 2727 336 2821 prodeat?
368 2728 417 2795 Ac
442 2727 542 2819 lunge
571 2724 663 2792 aliud
689 2722 851 2818 quiddam
871 2728 906 2790 in
928 2727 1002 2819 ipso
1027 2724 1146 2792 codice
1173 2722 1265 2789 Cha-

165 2845 241 2911 risii
266 2845 467 2935 comparuit:
497 2846 544 2912 Vt
571 2844 753 2925 Insuemur
777 2847 828 2907 ait
854 2846 891 2906 ιἰι
919 2866 1017 2907 ιιαιο.
1043 2842 1134 2909 Haec
1152 2844 1263 2906 autem

166 2960 308 3052 vestigia
335 2960 454 3026 veteris
482 2959 678 3049 scripturae,
705 2959 752 3025 sic
773 2956 911 3051 quidem
929 2957 1173 3048 comprehensa
1188 2978 1264 3022 cum

167 3076 357 3167 prioribus:
389 3077 919 3156 tr'arisitutinsuemuraitinuaro,
946 3071 1038 3137 haud
1059 3073 1128 3139 ecio
1155 3094 1199 3137 att
1229 3072 1265 3134 iu

167 3192 256 3258 hane
293 3206 443 3282 partem:
497 3182 1059 3280 transituutitirtiusu'surputinuaro
1101 3210 1169 3252 non
1212 3186 1266 3249 in-

174 3304 353 3374 commode
385 3306 608 3396 interpreter,
663 3305 696 3374 h.
720 3309 760 3369 e.
801 3321 838 3369 ut
870 3306 1019 3371 Titinius
1054 3318 1196 3394 usurpat
1228 3306 1266 3367 ιἰι

173 3424 266 3491 Vero
294 3416 371 3503 ω).
424 3422 497 3503 Quo
542 3421 675 3489 nominc
708 3420 784 3489 satis
819 3437 897 3495 nota
928 3419 1045 3489 Titinii
1078 3416 1265 3486 comoedia.

168 3562 463 3579 mn·-

224 3654 250 3717 ·)
276 3649 320 3701 Sic
338 3649 407 3701 euim
424 3664 475 3700 una
495 3650 591 3700 inserta
609 3658 633 3701 et
652 3650 746 3701 vecula
766 3649 940 3702 hexametrum
961 3666 1063 3702 versum
1086 3654 1211 3712 restituo,
1238 3655 1267 3699 ut

279 3735 418 3788 uolueudua
438 3737 524 3788 valeat
545 3736 738 3811 ἑλισσόμενος.
776 3737 900 3806 Nugatur,
923 3746 951 3789 ut
969 3739 1051 3789 dicam
1068 3736 1137 3804 quod
1155 3753 1197 3788 rea
1218 3744 1267 3798 eet,

280 3821 429 3885 Muellerus,
451 3825 570 3875 licentius
591 3833 716 3892 evagatur
736 3825 861 3891 Scaliger.

214 3918 252 3984 ”l
276 3916 393 3971 Reumira'
418 3917 488 3968 idem
516 3920 630 3971 aaaalter
659 3934 783 3970 vecema
808 3920 935 3985 prioribus
959 3919 1110 3984 diremptam
1132 3918 1169 3967 aie
1188 3919 1270 3968 iunxit

281 4019 340 4055 eum
359 4004 497 4071 priximiu:
530 4006 654 4071 Suaviter
671 4006 719 4061 lit
728 4007 824 4058 Aeolus
843 4009 873 4057 ιἰι
892 4007 1008 4058 Cusiuu:
1038 4003 1108 4071 quud
1131 4005 1271 4071 quidema

281 4107 359 4143 sensu
381 4106 482 4160 usuque
506 4092 628 4153 Varronis
647 4090 801 4161 longissime
818 4094 902 4144 distat.

202 4185 249 4251 “”)
275 4184 312 4236 Ne
333 4166 391 4254 quii
414 4196 522 4255 usurpet
546 4187 609 4237 illud
634 4186 746 4239 alienum
771 4203 786 4239 a
807 4187 924 4239 charisio
953 4196 1042 4254 putet,
1069 4194 1129 4238 utor
1155 4184 1271 4236 eiusdem

282 4275 438 4347 grummauei
460 4274 510 4324 hoe
528 4274 647 4340 exemplo
668 4290 693 4342 p.
715 4276 765 4328 178
782 4275 825 4328 u:
849 4276 975 4328 Dorticum
994 4292 1042 4345 pru
1057 4276 1147 4327 denuc.
1169 4273 1210 4326 ltu
1223 4271 1270 4322 tt-

283 4361 337 4412 eitu
352 4363 381 4412 ιἰι
399 4364 487 4429 quimu
507 4370 632 4431 marat:
