2872 4942
200 335 274 413 418
612 364 664 405 vu.
690 365 732 405 ne
757 365 872 407 rasari

124 603 127 607 .
202 544 348 608 tinorum
375 534 489 604 dedita
523 559 626 629 opera
652 537 826 628 inquirens
852 537 949 603 huius
979 560 1137 632 qnoque,
1166 542 1274 635 inqua

200 678 391 732 versamur,
432 650 562 719 fabulae
586 649 757 744 duplicem
782 676 964 744 agnoscere
996 656 1232 723 recensionem
1251 675 1276 720 et

198 772 262 837 sibi
287 770 376 834 visus
404 785 454 833 εει
478 786 511 834 ει
536 765 606 831 εΙὶἰε
634 765 837 859 persuadere
862 765 989 835 studuit
1019 768 1106 837 adeo
1133 770 1275 865 neglecto

198 885 256 953 illo
282 902 553 977 argumentorum
578 907 713 974 genere,
740 907 808 975 quo
827 884 983 950 usnsiam
1006 885 1189 953 Mercerns
1206 905 1276 967 erat,

197 1021 232 1069 ut
260 1026 303 1067 ne
339 1022 441 1065 unum
475 997 619 1092 quidem
649 997 909 1090 fragmentorum
938 1025 980 1067 ex
1010 1001 1275 1072 Bacchidihnsa

194 1116 413 1212 grammaticis
454 1115 677 1207 repetiturum
714 1139 793 1181 suae
832 1114 1014 1182 adhiberet
1051 1116 1285 1211 disputationi„

194 1235 287 1316 Quae
310 1248 421 1298 autem
444 1249 481 1333 ¹et
507 1229 617 1323 qualia
639 1231 713 1322 ipse
741 1250 934 1324 argumenta
965 1233 1003 1297 in
1025 1232 1183 1301 medinm
1203 1260 1275 1328 pro-
1303 1288 1305 1293 ⁴

192 1347 317 1427 tulerit,
343 1364 421 1439 post
443 1345 569 1438 paullo,
595 1343 794 1438 simulatque
817 1344 900 1413 alius
926 1348 976 1413 rei
995 1349 1207 1417 mentionem
1228 1351 1273 1417 te-

191 1465 335 1530 cerimus
364 1463 441 1529 item
467 1463 509 1527 ab
528 1461 663 1528 Osanno
678 1463 945 1553 praetermissae,
969 1462 1174 1532 videbimus.
1209 1467 1273 1558 Ap·

190 1580 297 1672 prime
327 1578 416 1644 enim
443 1601 629 1670 congruere
655 1578 689 1641 in
715 1575 858 1668 duplicis
883 1579 1091 1646 recensionis
1116 1582 1273 1674 suspicio-

189 1721 269 1761 nem
291 1693 455 1760 debuerat
488 1691 707 1759 memorabile
741 1693 883 1759 Charisii
918 1695 1147 1763 testimonium
1172 1695 1271 1762 videri

189 1838 223 1904 p.
239 1807 317 1889 184,
333 1817 370 1881 7:
396 1806 580 1880 Meditata.
606 1805 750 1876 Plautus
776 1813 813 1874 in
837 1805 1082 1877 Bacchidibus:
1107 1810 1273 1905 Edepol

190 1951 243 1992 ne
270 1943 316 1991 tu
342 1925 525 1991 illorum
557 1948 696 1990 mores
726 1948 934 2018 perquam
969 1925 1196 1995 meditate
1218 1944 1269 1994 te·

190 2066 274 2106 nes.
326 2046 363 2106 iu
391 2039 589 2132 quibusdam
622 2063 693 2105 non
713 2043 854 2126 ferunt.
915 2042 1078 2133 Apertum
1112 2061 1168 2111 est
1197 2036 1267 2132 (sed

189 2175 341 2250 opertum
367 2153 614 2239 Lindemanno)
644 2155 884 2248 exemplarium
898 2154 1158 2249 discrepantiam
1177 2159 1267 2253 signi-

187 2273 290 2352 ficari,
316 2273 351 2337 in
378 2295 520 2365 quorum
546 2289 642 2363 parte
669 2295 737 2337 non
761 2270 892 2362 legatur
910 2269 968 2339 ille
990 2297 1119 2352 versus,
1147 2276 1206 2368 qui
1225 2289 1266 2339 est

189 2389 249 2468 111,
275 2386 308 2466 6,
338 2385 391 2455 16.
455 2388 659 2479 Cor-ruptum
697 2389 786 2453 enim
803 2390 936 2475 ferunt
957 2407 1008 2455 εει
1033 2412 1076 2455 ex
1088 2392 1264 2476 feruntur,

186 2505 346 2598 idemque
373 2504 477 2569 verba
501 2502 558 2568 illa
584 2501 712 2583 valent,
735 2503 834 2596 quod
855 2527 924 2570 non
948 2527 1024 2571 raro
1050 2504 1145 2597 apud
1171 2506 1264 2572 Grae·

187 2647 243 2689 cos
270 2622 365 2688 obvia
391 2611 428 2686 ἕν
450 2640 552 2685 τισιν
575 2617 619 2684 οὐ
645 2616 808 2713 φέρεται.
830 2617 861 2703 *)
923 2619 1100 2688 Simillime
1124 2624 1262 2689 Donatus

186 2741 220 2802 in
246 2736 391 2829 Adelph.
423 2736 481 2816 ΙΙΙ,
507 2735 544 2802 5:
571 2735 608 2800 hi
629 2759 693 2800 sex
718 2760 832 2801 versus
859 2734 1110 2826 inquibusdam
1136 2738 1262 2818 nonfa-

187 2870 319 2919 runtur.
383 2851 502 2919 Videri
534 2870 642 2918 autern
679 2850 769 2916 illam
803 2853 1050 2918 annotationem
1082 2877 1122 2918 ex
1150 2851 1258 2920 veteris

187 2968 381 3034 scholiastae
396 2967 632 3033 commentario
650 2991 798 3031 manasse
823 2991 922 3058 supra
944 2966 1126 3058 significavi
1147 2967 1257 3060 p.386.
1299 3006 1305 3029 ι

186 3086 236 3175 Ac
262 3060 407 3173 notabile
442 3100 491 3147 est
522 3083 556 3145 in
580 3080 697 3148 codice
733 3080 880 3148 Palatino
914 3078 1018 3149 altero
1045 3107 1070 3148 s.
1094 3083 1253 3151 decurtato

187 3199 311 3266 voculis
338 3198 495 3264 Plautinis
523 3221 566 3260 ne
594 3216 626 3263 ct
649 3220 814 3288 perquam
839 3196 1002 3262 meditate
1028 3197 1254 3290 superscriptas

188 3315 306 3416 eadem
330 3314 468 3406 quidem
495 3314 602 3378 veteri
627 3312 726 3378 inanu
752 3313 809 3378 has
838 3337 930 3379 esse:
958 3329 1064 3388 certe,
1090 3311 1189 3379 valde
1209 3332 1252 3376 sa·

185 3418 331 3525 pienter.
394 3429 565 3496 Eiusmodi
596 3445 704 3494 autem
735 3427 929 3520 glossemata
963 3451 1031 3496 non
1067 3429 1109 3494 ab
1135 3424 1253 3497 noviciis

250 3713 274 3781 *)
290 3709 355 3760 tiana
374 3723 431 3759 curn
449 3725 482 3758 ar
502 3707 601 3772 syllaba
621 3707 748 3758 scribendi
778 3708 931 3776 compendio
950 3707 1001 3760 hoc
1018 3716 1152 3762 notaretur
1167 3700 1252 3778 fereda

292 3780 344 3854 noir
364 3818 421 3854 raro
438 3811 572 3869 peccatum
591 3811 631 3853 est
650 3805 676 3852 in
694 3811 827 3871 utramque
842 3813 957 3871 partem·
987 3805 1032 3856 Sic
1051 3805 1146 3856 Bacch.
1165 3805 1185 3868 Ι,
1197 3797 1251 3865 l,l⁰

293 3900 432 3971 reueletur
450 3899 477 3949 in
496 3899 542 3950 Ed.
566 3900 647 3964 princ.
667 3908 814 3965 corruptum
833 3907 872 3950 est
891 3901 918 3950 in
937 3900 1063 3964 reuoluat,
1082 3902 1112 3964 V,
1131 3903 1157 3964 2,
1177 3897 1205 3950 13
1219 3897 1251 3945 in·

293 4004 395 4047 tuentur
412 3997 437 4045 in
458 3995 596 4045 Decurtato
615 3997 641 4045 in
660 3997 767 4046 intueat.
815 3995 911 4047 Contra
934 4011 981 4063 pro
1007 4001 1110 4049 cwcict
1130 3997 1174 4060 ΙΙΙ,
1190 3995 1212 4055 3,
1226 3987 1250 4042 89

294 4091 339 4140 Ed.
364 4093 485 4157 princeps
504 4107 560 4141 cum
580 4091 705 4156 Lipsiensi
726 4091 783 4142 cod.
803 4091 926 4142 exhibent
943 4093 1092 4158 passivum:
1122 4094 1148 4145 io
1165 4089 1249 4142 iisdem-

290 4201 346 4252 que
367 4185 438 4236 libris
459 4185 554 4253 legitur
572 4186 640 4254 qued
660 4186 791 4253 vulgatum
810 4195 850 4238 est
868 4187 912 4252 ΙΙΙ,
933 4188 959 4250 6,
973 4187 1005 4240 19
1027 4191 1200 4255 temnuntur,
1215 4196 1249 4230 ⁶11·

297 4281 338 4330 ius
358 4281 509 4332 emendandi
531 4282 596 4333 viam
617 4290 741 4333 monstrat
759 4283 888 4333 Decurtati
909 4284 1035 4350 scriptura
1052 4280 1196 4352 Mass:

327 4375 420 4444 ‘Atque
437 4377 464 4428 lsi
476 4395 511 4429 -se
532 4395 589 4430 man
604 4381 751 4446 frustratu,
779 4381 906 4446 frustrari
923 4379 992 4434 tilios
1003 4379 1098 4437 acolt&
1114 4373 1248 4435 atriano*-
