2776 4942
344 396 375 439 v.
401 392 444 435 nt
470 391 575 439 uersu
602 390 773 437 retusum
800 384 968 439 rums.
1129 365 1201 439 343

144 590 243 636 nomen
266 590 336 637 non
360 568 419 634 uni
444 566 541 634 elicui
567 565 695 633 homini
712 564 905 633 ioculariter
920 563 1063 633 inditum
1081 593 1099 632 u
1116 565 1203 634 furto
1279 563 1283 572 ’

140 684 334 778 inthitolio
359 683 457 764 sueto,
485 681 547 749 sed
574 706 691 750 verum
717 680 777 747 luit
803 704 990 773 cognomen
1016 683 1125 776 gentis
1142 683 1208 749 1²0-

139 800 239 868 tilliue:
262 799 301 867 id
323 798 417 893 quod
440 799 566 864 nummi
593 814 755 864 testentur
779 797 820 862 ub
835 794 1032 863 lleindorfio
1057 794 1210 863 etos-el-

134 914 453 998 liocommemornti3
479 915 606 980 Liviani
619 932 731 979 sutem
749 911 874 980 Petillii
896 913 1209 1005 cognomineerunt
1261 967 1264 971 .

134 1030 277 1123 suune
303 1030 370 1102 sto.
394 1028 464 1097 niv.
486 1031 558 1111 xt,
586 1034 641 1099 ts.
669 1029 760 1109 xm,
788 1024 842 1095 rt.

222 1146 382 1216 Nondum
415 1147 671 1239 percensuimus
707 1121 913 1237 opinionum¹
943 1142 1208 1210 multitudinem:

131 1280 223 1331 restut
249 1264 339 1331 enim
360 1278 399 1329 ut
422 1260 468 1328 de
485 1259 681 1327 Nuudeto
703 1260 845 1340 dicutur,
869 1261 978 1352 quiin
994 1259 1208 1327 lliarioEru-

132 1372 264 1449 ‹litoeum
296 1376 550 1470 Francogullico
583 1403 627 1443 sn.
653 1379 726 1443 lun.
761 1394 795 1444 et
822 1375 885 1447 Iul.
918 1403 946 1442 n.
974 1366 1071 1447 1838
1106 1375 1209 1441 fusius

132 1514 219 1586 quum
239 1493 404 1574 subtilius,
429 1512 469 1560 ut
477 1495 575 1561 nobis
588 1493 725 1588 quidem
739 1494 883 1575 ridetur,
910 1492 1095 1559 fabularum
1109 1491 1210 1558 Plau·-

132 1612 261 1677 tintmm
284 1630 440 1702 temporo
465 1589 674 1703 disceptarit
714 1609 765 1675 lbi
791 1607 849 1677 ille
875 1611 1108 1677 Trinummnm
1134 1607 1210 1700 qui-

133 1720 200 1791 ‹lmn
225 1743 369 1792 tractans
393 1749 428 1817 p.
451 1725 523 1796 336
549 1750 624 1816 sqq.
658 1724 738 1791 binc
764 1724 913 1807 orditur,
948 1743 984 1793 ut
1013 1723 1211 1795 Windiseh-

133 1862 278 1907 munuum
317 1840 457 1905 nimium
496 1839 652 1906 insistere
696 1844 766 1905 iam
801 1840 987 1932 particulae
1033 1843 1211 1922 existimet,

132 1957 248 2050 qm'ppe
274 1981 375 2050 quem
398 1954 474 2021 setis
500 1971 633 2022 constet
653 1952 746 2020 nullo
773 1957 910 2039 omnino
934 1956 1108 2022 scribentis
1124 1981 1208 2023 con-

132 2071 196 2141 fl'lie
219 2071 273 2139 vel
297 2089 389 2140 certo
415 2071 601 2165 significatu
626 2096 730 2163 saepe
755 2073 930 2164 interponi
947 2065 991 2162 ¹⁶).
1014 2072 1214 2164 Sequuntur-

132 2184 170 2255 ‹le
190 2189 283 2282 Syris
308 2188 557 2280 Campanisque
584 2185 749 2279 quaedum
773 2185 952 2280 disputata,
984 2212 1072 2280 quoe
1095 2186 1211 2280 paullo

133 2321 367 2396 poet-tangam.
419 2306 508 2369 Tum
538 2301 681 2368 multum
712 2305 748 2367 in
779 2303 841 2370 hec
871 2305 1064 2396 quaestione
1097 2304 1208 2371 valere

133 2416 202 2489 tlicit
225 2421 321 2487 Trin.
348 2419 406 2499 IV,
433 2421 465 2500 ἢ,
491 2418 530 2487 3:

145 2562 151 2595 ε
228 2533 387 2604 Advenio
418 2557 465 2600 esc
501 2532 677 2610 Seleucia,
717 2529 953 2613 Macedonia,
985 2532 1071 2625 Asiu
1104 2551 1209 2627 atque

707 2644 860 2731 Arabia:

128 2784 189 2835 non
212 2784 338 2835 tautum
359 2781 504 2858 propter
519 2765 681 2833 Asiaticas
706 2785 812 2833 terres
840 2764 1030 2849 cumulatus,
1055 2768 1119 2836 sed
1136 2794 1207 2835 mu-

129 2882 171 2973 git
195 2885 295 2949 etium
318 2900 461 2974 propter
486 2881 699 2948 Macedonia
724 2901 757 2949 et
776 2880 864 2949 Asia
887 2885 1024 2950 nomine
1051 2884 1093 2950 itu
1116 2888 1206 2952 iustu

129 3000 305 3092 seposita,
336 3014 374 3063 nt
405 2998 665 3089 uniuscuiusque
690 2999 817 3063 unimus
843 2998 885 3065 ed
902 2992 1063 3093 ¹Philippi
1087 3002 1206 3069 Antio-

128 3114 242 3208 chique
269 3112 585 3205 triumphos-umque
613 3111 656 3179 de
683 3114 723 3178 iis
747 3132 898 3181 actorum
917 3118 1148 3209 cogitationem
1161 3117 1205 3183 tl

127 3221 184 3297 ilco
210 3229 411 3298 meducutur.
463 3226 521 3294 His
548 3253 587 3295 eu
612 3246 782 3321 postremo
807 3214 929 3324 iungit,
969 3257 1057 3324 quse
1088 3233 1207 3300 rixae

126 3364 164 3411 lte
185 3349 238 3413 six
264 3345 402 3438 quidem
428 3343 664 3439 intelligamus:
691 3363 757 3411 tum
782 3345 839 3412 ille
865 3345 1071 3413 admituhilia
1098 3364 1132 3414 et
1149 3350 1208 3431 ‚in-

126 3462 228 3530 udin
255 3460 298 3527 tle
323 3484 522 3526 scurrarum
547 3486 674 3555 genere
702 3461 812 3554 deque
837 3465 1034 3531 rusticarum
1062 3488 1137 3531 cum
1153 3488 1212 3531 ur-

126 3568 213 3647 bsuis
238 3578 391 3644 tribubus
419 3579 637 3665 contentione
663 3595 778 3644 narret
801 3576 858 3663 **).

174 3797 201 3863 ⁹)
227 3792 260 3843 Vt
280 3789 356 3840 fldem
377 3788 498 3854 tacerem,
515 3790 572 3856 ipsu
589 3790 669 3842 verba
689 3792 825 3862 philologi,
845 3797 886 3848 vel
906 3804 933 3848 ut
951 3813 1008 3849 cunt
1018 3798 1149 3850 veteribus
1169 3797 1212 3849 lo-

226 3893 298 3947 quor,
320 3878 530 3944 grammatici
550 3878 614 3929 inire
634 3881 727 3946 posui:
746 3880 798 3948 ily
818 3884 906 3935 insiste
927 3894 993 3954 trop,
1007 3888 1036 3951 je
1055 3887 1136 3949 crois;
1164 3903 1213 3938 car

225 3973 290 4016 celte
306 3962 435 4032 partious
457 3972 494 4015 est
507 3973 613 4016 seucum
627 3967 707 4030 jeus,
725 3970 994 4024 sustentationum
1005 3974 1135 4040 nmquis,
1147 3975 1212 4026 dens

226 4051 264 4105 les
279 4052 395 4119 ptrue«,
415 4060 440 4103 et
458 4061 557 4105 surmus
573 4052 638 4104 dans
655 4053 683 4106 lu
698 4057 880 4122 oernfitetion.

164 4146 208 4212 ⁴⁸)
228 4139 265 4191 M.
283 4138 492 4190 Windiscbmonn
509 4157 541 4190 ne
556 4140 633 4208 parle
648 4159 697 4210 pus
714 4160 767 4194 nou
782 4144 842 4212 plus
858 4146 933 4196 d'ene
944 4146 1036 4215 lorsque
1046 4149 1131 4200 tirode
1149 4166 1215 4201 con-
1328 4162 1337 4177 “

137 4280 141 4285 ,
228 4234 267 4279 ire
286 4225 324 4277 les
343 4226 415 4292 oisifs
434 4227 465 4276 tle
483 4226 511 4277 la
527 4227 594 4292 cille,
610 4245 763 4301 scurruq
779 4231 849 4300 (1‚2,
869 4233 917 4285 162
928 4238 1008 4302 sqq),
1028 4232 1138 4304 laquelle
1150 4241 1216 4292 n'est

227 4330 276 4383 pus
291 4311 455 4380 indifferenter
474 4313 538 4365 iane
555 4314 580 4366 le
601 4315 684 4369 ds'bat.
721 4317 775 4368 Cer
796 4317 844 4369 elle
861 4336 889 4370 st
905 4322 1125 4377 rametenses:
1142 4327 1217 4379 mule

233 4406 251 4451 ὰ
269 4400 297 4452 lo
316 4399 428 4467 querellc
451 4401 494 4452 des
509 4403 644 4470 pertisum
662 4405 692 4456 de
712 4403 858 4460 l'eneieune
875 4408 1009 4478 discipline
1027 4424 1090 4465 uoco
1102 4413 1139 4465 les
1154 4416 1218 4482 fuu-
