2872 4942
419 335 454 387 u.
505 336 548 381 us
575 334 704 381 seusun
731 334 856 382 estvm.
1144 320 1191 393 bb

143 529 234 605 tquo
261 519 381 571 tantus
406 502 607 572 errorAttit'
618 508 712 592 fuit,
738 523 775 574 ut
800 505 852 575 lu's
872 507 1064 579 consulibus
1082 531 1190 581 xm

146 650 210 691 ηας
239 636 343 687 natus
370 619 505 684 Ennius
526 621 658 702 suerit:
695 627 752 688 cui
784 649 858 690 etun
892 626 1045 719 aequulei
1069 630 1190 714 fuerit

143 745 237 819 uiues
260 739 374 801 mittor
395 737 476 821 fuit
509 735 688 827 alt'quunto
715 741 766 813 is,
797 743 857 830 qui
873 743 1004 830 primus
1022 741 1189 829 fabulam

143 852 204 930 dit,
225 875 330 945 puam
355 853 382 916 it
405 853 465 942 qui
484 850 607 916 multas
634 851 827 920 docuerant
859 871 944 923 ante
975 855 1039 922 bas
1065 882 1187 925 consu-

143 1020 150 1050 ,
187 965 336 1037 Plautus
361 980 396 1030 et
426 965 587 1031 Naevius.
638 966 771 1034 Habent
813 968 896 1037 haec
930 971 1085 1064 profecto
1119 1000 1187 1067 quo

143 1081 271 1150 sudant.
322 1080 443 1170 Aptius
485 1077 605 1146 saltem
642 1099 840 1149 coarctatam
878 1103 1051 1177 exspectes
1085 1087 1185 1155 talem

143 1199 296 1265 tionem:
331 1211 377 1275 ut,
418 1219 493 1273 cum
517 1195 570 1263 lu‘s
594 1195 794 1265 consulibus
811 1219 917 1267 xxxx
942 1224 1056 1267 antias
1082 1221 1186 1270 reatus

143 1317 226 1379 nius
238 1314 371 1400 fuerit,
396 1314 431 1376 ei
453 1315 485 1376 si
507 1311 661 1404 aequalis
674 1316 794 1400 fuerit
819 1314 949 1391 Lt'vius,
981 1296 1095 1383 minor
1118 1318 1184 1384 ali-

143 1444 219 1494 tnto
252 1432 282 1493 is
313 1423 482 1518 prodeat,
512 1431 571 1518 qui
600 1433 731 1520 primus
757 1453 843 1527 ‘Rq'
869 1455 895 1502 s.
946 1428 1016 1498 Sed
1049 1434 1182 1524 gravius

143 1540 251 1609 ddum
273 1557 387 1608 restat
413 1539 529 1631 ‘Quid
556 1559 605 1608 est
630 1544 740 1625 enim,
772 1567 832 1610 cur
865 1546 961 1613 tantis
987 1547 1182 1641 ambagibus

143 1675 198 1733 tur
223 1656 388 1748 scriptor,
418 1680 484 1722 nec
520 1657 637 1723 omissa
662 1681 801 1750 prorsus
826 1653 926 1726 Ennii
950 1662 1122 1729 mentione
1148 1682 1182 1730 et

144 1773 221 1839 nius
246 1787 282 1843 et
306 1768 490 1863 simplicius
517 1772 565 1838 sic
591 1789 852 1867 argumentetur:
886 1779 924 1840 iu
960 1799 1026 1868 quo
1062 1792 1181 1843 tantus

143 1909 190 1953 or
211 1880 408 1972 Attiifut‘t,
434 1902 473 1950 ut
497 1889 612 1952 minor
636 1888 814 1981 aliquanto
837 1894 866 1955 is
880 1893 1010 1977 fuerit,
1036 1896 1095 1986 qui
1112 1891 1178 1978 (bis

143 1997 295 2084 nulibus)
316 2003 448 2092 primus
462 1998 628 2095 fabulum
651 2001 762 2078 deda,
799 2027 901 2096 quam
921 2007 949 2070 ii
971 2008 1032 2098 qui
1054 2005 1178 2075 multus

143 2131 275 2215 twattt
304 2130 387 2180 ante
420 2113 483 2181 bos
509 2112 678 2184 eottsules.
729 2120 778 2185 Ita
802 2121 892 2186 enim
915 2117 1000 2186 nihil
1021 2120 1177 2214 profecto

149 2233 219 2303 rim
242 2232 535 2325 argumentationis
549 2231 769 2314 desideratur,
796 2259 881 2327 quae
899 2234 937 2301 fit
959 2259 1062 2304 exeo
1084 2234 1178 2329 quod

144 2345 340 2427 altam-dum.
391 2346 510 2439 Itaque
533 2365 571 2413 nt
593 2344 706 2420 dicam
732 2345 827 2440 quod
851 2372 907 2415 res
934 2366 1000 2430 est,
1033 2348 1178 2442 biperti-

143 2493 148 2529 ι
174 2460 300 2531 Cicero
326 2463 647 2554 argumentationem
671 2463 821 2542 instituit,
843 2463 1096 2555 seiunctamque
1119 2484 1178 2528 vo-

143 2602 186 2643 ,ι
208 2577 325 2669 priore
348 2576 486 2642 alteram
513 2575 765 2644 conclusionem
793 2600 876 2642 esse.
909 2574 1011 2659 Quod
1035 2574 1175 2669 quidem

150 2686 326 2759 &chene
349 2689 552 2758 enucleatius
574 2688 700 2757 licebit
745 2690 783 2760 C.
810 2688 972 2773 Cornelio
999 2691 1039 2773 Q.
1061 2691 1177 2763 Minu-

149 2828 262 2888 ηοω,
295 2805 420 2897 quibus
447 2805 592 2871 fabulam
626 2803 780 2872 docuisse
805 2804 936 2872 Livium
958 2803 1068 2871 Attius
1091 2805 1178 2871 scri-

165 2918 294 2987 Eunius
318 2938 414 2986 natus
440 2920 502 2986 fuit
527 2943 613 2986 xxxa
638 2942 759 2987 annos:
795 2919 887 3012 atqui
923 2942 990 2987 uno
1017 2935 1092 2985 ante
1117 2943 1177 2997 na-

143 3060 149 3100 ι
177 3028 320 3101 Etenim
347 3060 435 3102 anno
461 3033 608 3101 fabulam
632 3034 744 3101 Livius
768 3031 897 3101 doctus:
921 3057 1001 3126 ergo
1027 3052 1096 3129 non
1114 3056 1177 3125 po-

166 3149 225 3216 bic
245 3149 314 3215 illis
335 3149 474 3215 demum
500 3147 691 3218 consulibus
716 3146 863 3213 fabulam
890 3139 1026 3215 doeme.
1060 3144 1175 3219 Altera

143 3288 191 3331 tm
226 3262 396 3332 conclusio
427 3262 471 3330 ad
494 3265 641 3331 Ennium
673 3262 783 3355 ipsum
808 3261 891 3327 nibil
916 3262 1081 3355 pertinet,
1113 3258 1173 3329 sed

143 3402 343 3448 econcesso
369 3404 429 3462 eu,
466 3378 560 3474 quod
583 3403 705 3446 revere
723 3402 797 3445 mon
824 3376 1035 3445 conceditur.
1088 3377 1172 3445 Lar·

143 3520 216 3576 nur,
239 3496 361 3588 inquit,
386 3494 453 3561 illis
476 3493 671 3563 ‘consulibus
695 3491 841 3563 fabulam
859 3490 1013 3561 docuisse
1029 3490 1173 3573 Livium:

143 3604 194 3677 ud
216 3610 255 3677 si
278 3628 464 3691 statuas,
490 3633 576 3677 non
600 3607 737 3674 minor
761 3604 895 3673 ferme
920 3601 1173 3698 quadrage.-

143 3725 193 3790 *io
220 3724 262 3789 in
284 3749 463 3792 scenam
484 3721 727 3816 prodierit:
755 3718 1013 3814 quoupaetolit,
1041 3734 1078 3785 ut
1101 3702 1191 3783 iere·

143 3837 223 3904 ualis
247 3840 357 3906 Ennio
394 3839 520 3906 existat.
571 3837 742 3904 Brevitati·
759 3836 861 3928 igitur
894 3831 1033 3902 studens
1063 3848 1105 3901 et
1136 3846 1172 3899 ut

143 3952 339 4031 cumsimul
368 3954 572 4020 enuntiatum
599 3952 707 4044 aptius
736 3938 891 4019 necteret
916 3973 992 4015 cum
1017 3945 1172 4039 superio-

143 4091 177 4145 ης,
204 4065 292 4132 illud
318 4068 426 4133 statim
453 4065 551 4134 dixit:
587 4070 642 4131 cui
673 4070 705 4132 si
729 4063 882 4159 aequalis
896 4065 1017 4150 fuerit
1040 4063 1171 4136 Livius,

163 4202 204 4246 eo
227 4177 324 4272 quod
350 4177 499 4246 debebat
523 4176 719 4271 explicatius
730 4176 823 4245 velut
848 4177 884 4242 in
899 4174 987 4243 hanc
1005 4173 1169 4273 speciem:

143 4284 205 4371 ist
241 4288 363 4383 quibus
390 4287 581 4358 consulibus
608 4288 795 4367 seeundum
818 4288 900 4357 attii
928 4284 1084 4379 calculos·
1098 4280 1171 4378 pri-
