2872 4942
242 363 316 437 438
461 387 528 430 virt.
563 387 605 429 oe
630 385 781 430 rvaatro
808 383 981 431 scenam
1007 382 1130 431 ornare

715 458 740 503 a

243 557 295 624 dis
319 559 416 624 unius
440 559 528 651 paris
555 576 770 652 praepostere
805 557 936 651 plicatis
967 577 1150 650 peccatum
1175 558 1232 638 sit,
1259 553 1307 622 sed

240 677 370 768 parium
398 654 607 769 quoruirdam
622 701 761 767 prorsus
787 673 993 741 divulsorum
1008 672 1162 767 singulae
1181 670 1307 740 schedae

224 777 453 859 'ordincnou
473 816 532 858 suo
560 790 624 857 siut
649 789 843 858 collocatae.
895 792 946 855 De
974 788 1108 856 dnobus
1124 806 1308 855 antemver-

242 906 353 973 siculis
379 905 463 985 illis,
490 908 549 998 qni
574 907 676 998 primi
701 924 777 972 sunt
800 924 862 972 act
890 906 937 971 lV
964 932 1010 972 sc.
1035 908 1066 982 2,
1095 906 1212 971 omitto
1235 927 1308 969 nunc

243 1022 326 1114 quid
350 1024 501 1089 statuerit
518 1023 765 1089 Lachmannus:
792 1019 1029 1090 secundarium
1055 1022 1146 1086 enim
1173 1020 1237 1087 hoc
1252 1020 1310 1111 qul-

242 1136 330 1203 dem.
388 1138 515 1204 Verum
551 1136 645 1230 quod
680 1135 739 1203 ille
768 1156 803 1203 nt
827 1138 1022 1228 primarium
1049 1135 1180 1229 iuohoc
1203 1158 1309 1228 genere

239 1256 312 1319 iure
329 1256 515 1347 meritoque
529 1272 737 1321 consectatus
754 1272 812 1332 est,
836 1270 872 1318 ut
886 1278 947 1344 par
961 1250 1011 1317 vel
1030 1276 1142 1345 prope
1163 1277 1227 1345 par
1241 1267 1310 1316 esset

239 1356 397 1438 versuum
421 1396 582 1436 numerus
606 1368 743 1462 singulis
769 1368 903 1436 schedis
933 1368 1201 1448 distributorum,
1225 1369 1262 1433 ab
1283 1391 1310 1431 ea

242 1485 379 1580 quidem
407 1484 606 1578 aequalitate
632 1489 703 1578 ipse
730 1487 834 1551 sensit
859 1486 998 1550 nimium
1024 1486 1145 1551 abesse
1172 1482 1307 1551 schedam

176 1620 179 1625 '
240 1604 272 1669 V
290 1601 379 1690 (Vl),
404 1621 440 1669 ut
464 1605 497 1668 in
526 1629 590 1695 qna
617 1628 733 1669 versus
759 1601 940 1694 perscripti
969 1619 1082 1666 esseut
1110 1600 1307 1694 quadraginta

242 1744 336 1785 unus.
389 1721 493 1801 Quam
519 1719 781 1811 discrepantiam
808 1715 888 1781 inde
915 1735 1023 1782 natam
1048 1741 1120 1783 esse
1146 1741 1252 1810 eoque
1269 1713 1308 1778 le-

242 1836 311 1921 uari
338 1833 494 1913 credidit,
521 1832 623 1926 quod,
651 1835 708 1925 qui
736 1853 812 1925 post
833 1832 891 1908 lll,
912 1820 952 1910 '‘2,
982 1831 1051 1902 1‘29
1078 1835 1113 1897 iu
1140 1831 1235 1898 libris
1257 1829 1306 1895 duo

175 1926 197 1961 '⁴'
245 1948 401 2015 versiculi
424 1947 580 2040 leguntur
604 1949 689 2037 (th
716 1953 775 2042 qni
795 1948 977 2042 perductet
1070 1949 1199 2040 placet,
1236 1942 1308 2038 Quid

209 2074 309 2153 ἤρε’-ἣ
319 2063 510 2157 quispiam),
537 2084 661 2132 tautum
690 2068 723 2131 iu
752 2066 899 2158 margine
914 2065 1030 2158 scripti
1054 2064 1213 2132 luissent:
1234 2086 1306 2129 suun

202 2158 245 2203 fl*
298 2158 301 2163 '
363 2182 370 2194 ·
402 2183 409 2195 ·
952 2185 959 2198 .

204 2162 337 2283 euml*
361 2180 427 2246 rll1s
453 2181 566 2248 locum
591 2201 668 2274 post
693 2211 721 2252 v.
752 2184 821 2254 156
861 2181 997 2268 (Latius
1027 2179 1163 2246 demum
1189 2217 1233 2227 -
1255 2199 1308 2242 nro·

225 2286 321 2381 lma)
350 2322 434 2376 esse,
461 2299 518 2362 ubi
547 2323 621 2364 cum
637 2298 722 2365 forte
745 2300 858 2364 omissi
874 2314 995 2375 essent,
1021 2296 1236 2387 postmodnm
1256 2291 1307 2358 ani·

245 2411 423 2479 madverso
452 2438 567 2480 errore
592 2438 662 2479 non
688 2416 723 2478 in
750 2412 875 2479 scheda
901 2413 949 2478 lV
975 2405 1090 2500 (Vll),
1126 2437 1194 2504 qno
1227 2406 1308 2503 perti·

245 2547 384 2608 nerent,
421 2555 493 2595 esse
521 2531 699 2621 ascriptos,
743 2528 803 2596 sed
827 2532 861 2594 iu
886 2530 918 2597 V
945 2526 1022 2616 (Vl)
1045 2529 1197 2620 positos,
1234 2523 1307 2592 etin

247 2670 374 2713 summo
401 2644 541 2738 quidem
567 2648 717 2740 margine
744 2647 871 2738 positos
898 2647 1021 2712 iccirco
1049 2643 1143 2736 quod
1170 2663 1306 2737 quoper-

248 2764 394 2828 tinerent
421 2764 617 2828 nesciretur.
670 2764 780 2856 Atque
809 2761 873 2828 hoc
902 2760 1039 2854 quidem
1064 2787 1138 2826 cum
1155 2760 1306 2853 possitve·

247 2878 414 2942 rissirnum
442 2876 566 2963 esse*)‚
593 2896 701 2943 tamen
730 2904 847 2970 parum
876 2894 925 2943 est
951 2875 1042 2970 quod
1065 2875 1305 2942 duobustantun

250 2991 293 3057 de
321 2995 417 3058 unius
443 3010 476 3058 et
502 2994 728 3088 ‚quadraginta
759 3019 911 3060 versuum
939 2991 1151 3063 multitudine
1178 2985 1306 3057 detractis

250 3108 495 3200 profecerimus
521 3109 564 3174 ad
591 3136 661 3176 eam
689 3137 754 3203 qua
781 3135 864 3202 opus
891 3111 931 3175 sit
957 3106 1196 3201 aequalitatem
1220 3128 1307 3173 conse·

252 3223 440 3315 quendam:
474 3227 574 3292 nimia
601 3229 687 3292 euim
715 3255 731 3292 a
759 3228 890 3320 triginta
918 3228 1068 3317 quinque
1096 3223 1138 3288 ad
1165 3222 1308 3313 undequa-

254 3338 404 3432 draginta
431 3368 545 3408 versus
572 3345 737 3421 varietas,
764 3369 863 3435 quam
891 3367 975 3434 quae
1002 3343 1232 3420 necessitatem
1254 3357 1307 3430 ptr·

252 3456 390 3522 suadeat
414 3456 502 3522 illius
529 3460 751 3550 potissimum,
778 3484 864 3552 quae
892 3459 1063 3549 proposita
1089 3459 1154 3537 sit,
1188 3472 1308 3522 errorum

253 3574 401 3664 originis.
466 3574 593 3656 Quodsi
624 3573 744 3641 relicto
772 3573 904 3640 lllerula
929 3600 947 3638 a
973 3574 1147 3639 Decurtati
1173 3573 1229 3665 qui
1252 3565 1309 3634 dici·
1349 3662 1351 3667 Ι

253 3707 306 3754 tur
331 3689 540 3754 Vrsiuianive
574 3690 651 3755 libri
684 3692 833 3755 numeris
861 3688 1094 3782 proficiscare,
1135 3713 1211 3754 sane
1235 3680 1309 3774 magis
1349 3676 1351 3681 ¹

256 3808 353 3870 etiarn
382 3807 510 3869 turbata
531 3806 730 3898 aequalitate
757 3807 816 3871 has
832 3806 1027 3898 reppereris
1045 3829 1197 3870 versuum
1219 3805 1250 3868 in
1265 3800 1310 3864 sir·

255 3919 339 4012 gulis
384 3921 519 3987 schedis
566 3945 726 3988 summas:
774 3926 830 3990 32.
862 3924 918 3992 31.
950 3923 1032 3992 108.
1067 3917 1125 3989 lt.
1161 3925 1216 3992 37.
1249 3910 1309 3983 til:

255 4039 430 4104 sciendum
457 4057 505 4103 cst
532 4041 620 4104 enim
648 4040 838 4130 saepissime
866 4038 940 4104 illos
965 4040 1055 4130 ipsos
1082 4037 1310 4128 librosprorsus

454 4202 503 4212 —-

312 4301 340 4361 *)
360 4302 531 4354 'l'ractavirnus
552 4304 618 4354 hunc
641 4304 724 4354 locutu
748 4319 803 4353 cam
823 4306 854 4353 iis
882 4318 947 4371 quae
975 4303 1111 4353 coniuncta
1129 4307 1188 4351 sunt
1209 4295 1263 4360 Cap·
1279 4280 1309 4342 ΙΙΙ,

362 4400 381 4465 l.
404 4399 425 4446 1.
