2872 4942
205 123 252 195 94
436 150 458 195 t.
483 152 526 195 nn
554 152 670 197 rttrrt
702 152 830 197 rorrtn
856 154 1049 199 nortuum.

702 327 733 413 s.
757 330 790 396 5.

300 440 460 509 Nondum
490 443 660 532 pennensi
692 465 822 507 erannts
854 429 1122 509 testimoniorum
1147 442 1296 511 multitu·

201 556 333 642 dinem3
358 558 504 625 restabat
526 559 616 623 enim
642 558 852 623 Varronis
878 558 1055 623 auctoritas
1082 572 1194 651 eaque
1210 558 1295 629 adeo

200 675 342 765 gemino.
392 674 497 739 Libro
523 673 613 739 enim
638 674 720 739 Vllt‘
765 669 808 737 de
838 672 859 738 l.
895 671 952 738 lat.
985 672 1015 758 5
1041 672 1091 743 36
1115 673 1235 741 Muell.
1262 701 1295 768 p.
1314 733 1327 739 -

200 786 273 859 419
301 790 426 881 Speng.
451 789 536 855 haec
563 786 620 853 itte
646 787 776 853 docuit:
823 784 952 855 Omnia
973 790 1062 876 fere
1082 806 1207 855 nostra
1232 814 1295 857 no-

199 910 296 971 mina
321 905 433 971 virilia
457 922 493 971 et
517 901 695 970 rnulielnia
720 903 959 983 multitudinis,
985 929 1086 996 qrtom
1101 922 1199 971 recto
1211 930 1292 971 casu

196 1021 302 1105 finnt,
331 1020 523 1096 dissimilia,
548 1045 622 1085 eum
647 1017 767 1096 dandi,
785 1018 924 1083 eadem:
950 1018 1143 1095 dissimilia,
1168 1036 1207 1086 ut
1221 1044 1293 1085 ma-

197 1160 254 1202 res
280 1138 459 1231 Terentiei
470 1186 483 1211 ,
515 1138 681 1222 feminee
716 1136 922 1217 Terentiae,
955 1134 1075 1199 eadem
1107 1139 1145 1203 in
1170 1134 1295 1213 dandi,

197 1255 279 1319 viris
304 1240 498 1321 Terentieis
524 1267 559 1316 et
584 1249 780 1317 mulieribus
803 1250 1005 1317 Terentieis.
1057 1252 1110 1317 Di
1115 1276 1135 1315 s
1146 1254 1247 1317 simi
1252 1252 1291 1319 le

196 1362 391 1434 Plantns
428 1384 467 1431 et
503 1366 736 1444 Plautius,
771 1381 815 1428 et
850 1369 1096 1431 cornmunia
1135 1364 1291 1447 ltttitts,

194 1478 355 1575 Plauti
380 1498 425 1547 et
450 1478 608 1549 Marci
631 1480 799 1547 Plauti.
828 1480 876 1544 Ita
904 1481 995 1545 enim
1022 1480 1292 1573 extremaSpen·
1389 1531 1402 1552 t

195 1593 302 1688 gelius
328 1620 387 1663 suo
413 1593 490 1660 loco
518 1593 635 1673 edidit,
661 1595 695 1660 in
721 1619 759 1659 ea
785 1611 895 1659 autem
920 1592 1165 1685 disputatione,
1193 1618 1290 1689 qnam
1383 1664 1399 1671 ,
1431 1647 1436 1662 .

195 1710 239 1779 de
264 1712 489 1803 genitivorum
511 1711 545 1776 in
571 1714 599 1777 ii
622 1710 852 1775 terminatione
879 1711 1065 1799 pertexuit,
1103 1708 1287 1777 secundum
1378 1767 1380 1777 s

192 1830 328 1919 priores
356 1823 504 1893 editores
530 1827 589 1892 sic·
604 1822 747 1916 protulit
771 1851 805 1917 p.
832 1825 873 1893 9:
899 1825 1075 1893 Dissimile
1089 1823 1288 1891 Plautum
1378 1886 1410 1895 ..

191 1940 364 2019 Plautius,
386 1960 421 2009 et
447 1966 622 2009 commune
637 1959 674 2009 nt
684 1941 793 2020 ltnt‘ns,
806 1937 947 2009 Plauti:
974 1958 1009 2007 et
1021 1942 1148 2020 Marci,
1160 1936 1288 2009 Plauti.
1336 1976 1340 1987 ,

191 2065 343 2143 Quorum
369 2079 527 2128 neutrum
553 2076 668 2151 potest
693 2055 843 2149 intelligi.
871 2059 987 2149 ltaque
1001 2056 1188 2123 Muellerus
1216 2080 1287 2123 esu

96 2202 104 2215 ·
189 2175 350 2244 videlicet
388 2174 597 2242 emendatam
653 2175 851 2265 scripturam
898 2173 984 2238 hanc
1029 2170 1287 2239 commendarit:

190 2292 363 2359 Dissimile
388 2288 535 2357 Plantns
562 2305 596 2355 et
621 2285 794 2364 Plautina,
820 2304 855 2353 ct
879 2312 1054 2353 eontmune
1070 2289 1159 2355 Luci
1171 2283 1290 2356 Plauti·
1394 2298 1400 2305 '

192 2412 228 2471 e‘t
252 2408 371 2471 Marci
389 2402 528 2473 Plauti:
555 2429 621 2496 qua
648 2402 787 2495 quidem
815 2400 904 2469 odeo
931 2403 1076 2469 confisus
1100 2420 1161 2481 cst,
1195 2402 1287 2469 utin

192 2519 442 2585 continuitatem
464 2522 647 2587 verborum
662 2522 820 2611 recipcre
840 2544 908 2585 non
929 2518 1107 2589 dubitaret.
1137 2517 1287 2583 LPlau·

190 2635 272 2700 tium
294 2633 364 2699 dici
389 2634 562 2701 rhetorem
589 2634 683 2701 illum
710 2637 910 2727 cognomine
925 2633 1057 2701 Gallum
1080 2635 1230 2726 putabet,
1244 2632 1287 2699 de

191 2774 258 2841 quo
284 2749 505 2818 Weichertus
533 2750 600 2840 egit
625 2752 717 2815 Poct
743 2748 801 2817 lat.
828 2750 893 2816 rel.
920 2777 954 2843 p.
982 2752 1066 2820 218.
1104 2750 1208 2841 Atqui
1233 2749 1285 2815 hio

188 2867 271 2956 ipse,
298 2890 377 2929 num
404 2864 463 2929 itte
490 2863 631 2956 quidem
657 2891 803 2957 uuquam
829 2863 989 2934 Plautius
1013 2883 1104 2931 esset
1121 2890 1188 2958 pro
1205 2864 1286 2935 Plo-

130 2964 134 2971 *
188 2985 237 3045 tio
262 3000 409 3061 vocatus,
436 2980 668 3047 dubitaverat:
695 3001 728 3050 ct
752 2981 885 3049 videtur
911 3008 989 3049 sane
1003 2979 1139 3051 Plotius
1165 2980 1287 3049 rltetot·

190 3098 289 3163 etiam
313 3098 458 3163 Varroni
485 3096 577 3190 apud
603 3100 748 3166 Nouium
775 3124 808 3188 p.
837 3098 894 3175 79,
920 3098 968 3167 ‘29
994 3096 1072 3163 dici.
1105 3100 1285 3165 Praeterea

187 3230 307 3291 autem,
335 3211 417 3303 quid
443 3211 580 3279 tandem
608 3233 657 3281 est
683 3240 743 3280 cur
767 3215 801 3279 in
818 3215 1031 3306 gratnnmticc
1049 3238 1162 3295 caussa
1176 3216 1285 3281 Varro

187 3325 344 3395 credatur
379 3327 532 3426 exempla
566 3355 585 3393 e
618 3355 729 3394 rerum
763 3328 816 3395 rel
843 3328 1029 3395 litterarum
1057 3330 1196 3395 historio
1221 3354 1287 3421 pe-

186 3440 288 3507 tisse?
314 3467 374 3509 cur
399 3467 469 3508 non
494 3444 699 3535 acquievisse
728 3445 762 3509 in
789 3443 1034 3535 simplicissima
1045 3441 1205 3511 Plautius
1223 3468 1285 3511 no-

184 3559 282 3625 minis
310 3561 632 3625 commemoratione
668 3579 702 3626 ot
735 3560 901 3627 notissimi
926 3561 1081 3628 omnibns
1109 3577 1143 3625 et
1169 3559 1285 3627 multis

187 3670 333 3741 Plautiae
358 3676 467 3766 gentis
492 3674 653 3767 exemplis
680 3674 788 3742 clari?
838 3678 945 3758 Quom
976 3700 1082 3768 porro
1112 3672 1185 3781 ille'
1208 3676 1286 3768 ipse

185 3788 306 3854 Lucius
333 3790 489 3881 ignobilis
513 3792 615 3858 homo
642 3816 719 3857 cum
745 3791 862 3859 Plauto
889 3791 1030 3884 quidem
1055 3790 1286 3883 comparatus!

185 3904 227 3967 Et
248 3919 358 3971 tamen
383 3908 415 3972 ei
442 3923 478 3972 ut
490 3906 595 3973 Plauti
622 3932 747 3975 nomen
770 3907 858 3974 adeo
874 3911 1100 4005 postpositum
1115 3909 1180 3974 sit?
1205 3908 1287 3972 sim-

187 4014 309 4107 plicior
330 4038 504 4112 praeterea
533 4043 567 4089 et
591 4023 727 4090 brevior
751 4024 856 4090 forma
883 4024 1056 4118 trisyllnbo
1071 4023 1230 4092 nomini?
1255 4040 1289 4089 ct

189 4134 354 4203 contrario
378 4153 478 4230 atque
505 4137 620 4233 paullo
646 4157 722 4208 ante
749 4138 892 4209 ordine?
918 4140 1044 4209 Credat
1066 4142 1127 4235 qui
1148 4140 1284 4233 poterit.
