2872 4942
526 345 696 388 rninvnnt
722 345 913 390 enavrtnan.
1192 328 1262 402 573
1311 341 1312 345 ’

180 515 355 592 Acidalius
381 539 518 608 quoque
545 496 841 596 commendaverat,
864 517 1011 601 Bothius,
1036 538 1073 587 ut
1097 520 1153 589 illa
1168 530 1267 617 quasi

179 639 229 700 sit
260 636 466 726 peregrinus
490 619 663 698 'haberent
694 657 761 724 quo
794 633 1021 716 referrentur,
1059 663 1193 705 versum
1219 641 1265 711 39

178 749 370 818 collocabat
393 764 472 840 post
496 745 554 815 36.
618 748 725 831 Quem
756 749 792 813 in
829 774 868 816 eo
909 764 1041 817 secutus
1076 753 1265 837 Goellerus,

160 865 247 934 -sed
272 866 316 930 ita
339 882 472 930 secutus
497 881 535 930 ut
559 861 656 928 simul
682 888 815 930 versum
836 867 882 937 37
909 866 1057 959 permire
1085 852 1268 965 coJlocaret

158 998 258 1053 ¹ante
285 981 351 1061 41,
374 977 460 1045 nihil
485 996 597 1044 tamen
624 976 764 1045 offendit
790 980 825 1044 in
851 1004 1007 1047 versuum
1032 984 1089 1052 38.
1115 980 1163 1054 40
1187 1009 1268 1055 con.

179 1089 349 1186 tinuitatet:
374 1119 516 1188 quorum
542 1094 763 1186 posteriorem
790 1095 926 1163 Bothius
953 1097 1095 1190 quidem
1119 1101 1209 1215 iuter
1233 1130 1264 1170 v.

148 1266 154 1279 .
180 1212 231 1283 45
253 1211 342 1280 etto
358 1211 539 1276 'inserebat
560 1207 636 1276 loco
661 1209 886 1301 ineptissimo,
913 1210 1022 1279 deleri
1049 1233 1158 1281 autem
1180 1218 1266 1285 iusto

180 1327 324 1398 calidius
349 1327 488 1393 iubebat
512 1324 672 1419 Scaliger.
707 1325 865 1392 Omnium
891 1348 1000 1394 nutem
1020 1331 1165 1425 primum
1181 1333 1269 1401 illud

179 1442 370 1514 videndum
393 1461 480 1522 erat,
519 1442 622 1508 verba
656 1459 841 1533 quaesunt
867 1448 966 1535 quasi
988 1449 1034 1510 sit
1059 1452 1267 1538 peregrinos

177 1584 252 1630 non
277 1558 341 1625 alio
378 1558 443 1622 nisi
466 1556 509 1622 ad
538 1555 735 1622 exornandi
758 1555 892 1622 modum
914 1565 1137 1651 peregrinum
1159 1566 1268 1654 pcrti-

178 1701 275 1745 nere.
310 1673 431 1740 Fidem
456 1675 530 1765 ipse
554 1690 654 1766 poeta
680 1671 793 1752 faciat,
821 1675 914 1740 cuius
936 1676 1019 1743 haec
1044 1694 1121 1742 sunt
1145 1678 1268 1746 Persae

178 1793 209 1876 I,
236 1796 269 1873 3,
297 1791 343 1862 74
361 1815 453 1884 sqq.:

285 1929 369 1976 ror.
395 1905 525 1998 Lepide
555 1904 672 1970 'hercle
706 1903 892 2017 dicis3set
917 1911 992 1973 scin
1018 1907 1101 2000 quid
1114 1915 1269 1997 facias?

779 2045 861 2112 eope

286 2136 452 2208 Tunicam
476 2153 578 2230 atque
603 2160 730 2202 zonam
766 2152 801 2201 et
833 2118 1046 2228 cltlomydem
1081 2140 1206 2229 offerto
1234 2163 1269 2213 et

776 2276 939 2325 carisium,

293 2373 404 2463 Quom
431 2369 486 2435 ille
512 2365 653 2447 haheat,
682 2372 742 2458 qui
764 2367 855 2432 lianc
876 2367 1000 2433 ¹lenoni
1028 2368 1106 2435 liuic
1133 2371 1267 2440 vendat.

776 2504 859 2549 ΜΤ.
888 2507 929 2547 eu
952 2482 1069 2574 probe.
1143 2519 1146 2525 ⁴

290 2626 373 2676 nox.
405 2605 515 2695 Quasi
537 2605 582 2666 sit
602 2601 816 2691 peregrinus.
850 2620 930 2664 ΜΤ.
954 2598 1065 2666 laudo.
1093 2621 1175 2667 rex.
1199 2618 1269 2669 tum

274 2793 276 2797 y
777 2730 812 2778 et
829 2730 983 2804 ‘gnatam
996 2731 1100 2779 *tuam

290 2839 461 2905 Ornatam
485 2829 617 2895 adduce
641 2826 751 2920 lepide
777 2832 814 2893 in
836 2833 1060 2919 peregrinum
1082 2829 1227 2897 modum.

190 2953 416 3044 Eundemque
444 2946 596 3014 ordinem
621 2962 736 3036 postea
758 2942 940 3029 viditatem
960 2943 1096 3037 pridem
1116 2971 1191 3012 cum
1212 2973 1270 3012 au-

184 3070 353 3140 ditoribus
381 3065 464 3131 meis
490 3055 821 3142 communicaveram)
848 3061 948 3125 etiam
975 3058 1183 3153 scaligerum
1209 3062 1270 3128 ali-

180 3211 256 3284 ·quo
282 3205 436 3275 tempore
469 3178 628 3255 suasisse:
666 3173 729 3240 alio
762 3175 851 3240 enim
889 3194 1043 3267 tempore
1074 3158 1271 3245 Bothianam

183 3304 351 3373 rationem
389 3292 651 3364 commendavit:
689 3307 833 3382 utroque
872 3288 947 3356 eum
979 3316 1129 3373 versum,
1168 3295 1270 3386 quia

183 3419 280 3488 miris
304 3414 369 3480 iliis
395 3410 586 3478 accusativis
612 3407 739 3498 incipit,
765 3431 966 3499 expungens.
998 3408 1042 3474 Et
1066 3426 1175 3474 tamen
1201 3434 1270 3476 nou

184 3534 296 3606 fuerat
321 3527 454 3596 difficile
478 3523 657 3592 divinando
684 3524 824 3615 assequi,
851 3549 869 3589 e
895 3548 962 3616 quo
984 3524 1075 3591 fonte
1100 3527 1202 3592 micae
1227 3526 1271 3591 il-

184 3648 240 3719 luc
268 3642 520 3714 constructionis
548 3637 700 3706 salebrae
722 3656 923 3730 manassent.
955 3639 1087 3704 Etenim
1108 3639 1164 3706 hic
1184 3665 1269 3732 quo-

157 3768 161 3781 '
186 3763 257 3860 que
281 3758 409 3854 aliquid
436 3755 599 3824 excidisse
626 3758 692 3820 iam
717 3780 785 3820 non
811 3755 1005 3822 coniicimus
1031 3772 1175 3863 tantum,
1206 3755 1271 3823 sed

182 3877 404 3948 ‘ambrosiani
447 3872 572 3941 codicis
601 3863 719 3938 virtute
755 3888 964 3963 compertum
998 3869 1168 3936 habemus.
1230 3872 1270 3938 In

187 4019 258 4090 quo
282 3995 373 4060 inter
399 4019 426 4058 v.
454 3991 501 4060 39
526 4007 559 4055 et
583 3983 630 4057 40
654 3988 785 4078 integer
811 3983 994 4052 versiculus
1029 3987 1085 4052 hic
1119 3986 1268 4055 aceedit:

247 4108 717 4184 MENDACILOCUMALIQUEM
740 4107 830 4182 QUID
843 4152 850 4169 .
861 4157 869 4175 .
882 4104 1270 4172 lscttracunurosrua

189 4230 245 4299 De
273 4251 339 4323 quo
365 4227 429 4291 iam
452 4223 532 4291 olim
556 4217 796 4289 commonefeci
822 4217 857 4282 iu
872 4218 961 4282 Dias.
988 4214 1112 4310 antiqu.
1136 4217 1222 4284 stud.
1241 4244 1269 4286 a.

193 4346 288 4416 1837
313 4369 347 4436 p.
375 4340 455 4411 743.
496 4339 585 4405 -Etsi
610 4337 697 4401 enim
721 4335 784 4400 hac
809 4332 881 4424 ipsa
906 4334 1095 4402 accessione
1119 4332 1271 4440 nondum
