<?xml version="1.0" encoding="UTF-8"?>
<!DOCTYPE html PUBLIC "-//W3C//DTD XHTML 1.0 Transitional//EN"
    "http://www.w3.org/TR/xhtml1/DTD/xhtml1-transitional.dtd">
<html xmlns="http://www.w3.org/1999/xhtml" xml:lang="en" lang="en">
 <head>
  <title>
</title>
<meta http-equiv="Content-Type" content="text/html;charset=utf-8" />
  <meta name='ocr-system' content='tesseract 3.04.00' />
  <meta name='ocr-capabilities' content='ocr_page ocr_carea ocr_par ocr_line ocrx_word'/>
</head>
<body>
  <div class='ocr_page' id='page_1' title='image "./parergonplautin00ritsgoog_0447.png"; bbox 0 0 2872 4942; ppageno 0'>
   <div class='ocr_carea' id='block_1_1' title="bbox 584 357 1305 432">
    <p class='ocr_par' dir='ltr' id='par_1_1' title="bbox 584 357 1305 432">
     <span class='ocr_line' id='line_1_1' title="bbox 584 357 1305 432; baseline 0.017 -12"><span class='ocrx_word' id='word_1_1' title='bbox 584 374 805 423; x_wconf 82' lang='lat' dir='ltr'>rtccntutrvs.</span> <span class='ocrx_word' id='word_1_2' title='bbox 1025 368 1029 377; x_wconf 88' lang='lat'>&#39;</span> <span class='ocrx_word' id='word_1_3' title='bbox 1164 357 1235 429; x_wconf 79' lang='grc'>407</span> <span class='ocrx_word' id='word_1_4' title='bbox 1302 428 1305 432; x_wconf 91' lang='grc'><strong>.</strong></span> 
     </span>
    </p>
   </div>
   <div class='ocr_carea' id='block_1_2' title="bbox 150 544 1330 2374">
    <p class='ocr_par' dir='ltr' id='par_1_2' title="bbox 150 544 1330 2028">
     <span class='ocr_line' id='line_1_2' title="bbox 155 544 1244 629; baseline 0.001 -13"><span class='ocrx_word' id='word_1_5' title='bbox 155 549 348 616; x_wconf 82' lang='lat' dir='ltr'>Perizonius</span> <span class='ocrx_word' id='word_1_6' title='bbox 373 549 408 613; x_wconf 92' lang='lat' dir='ltr'>in</span> <span class='ocrx_word' id='word_1_7' title='bbox 430 544 558 614; x_wconf 76' lang='lat' dir='ltr'>helian.</span> <span class='ocrx_word' id='word_1_8' title='bbox 584 549 673 614; x_wconf 70' lang='lat' dir='ltr'>Van</span> <span class='ocrx_word' id='word_1_9' title='bbox 688 547 762 615; x_wconf 84' lang='lat' dir='ltr'>hist.</span> <span class='ocrx_word' id='word_1_10' title='bbox 788 546 831 629; x_wconf 83' lang='lat' dir='ltr'>Il,</span> <span class='ocrx_word' id='word_1_11' title='bbox 857 553 889 627; x_wconf 69' lang='lat' dir='ltr'>Q,</span> <span class='ocrx_word' id='word_1_12' title='bbox 913 547 1184 617; x_wconf 87' lang='lat' dir='ltr'>Hemsterhusius</span> <span class='ocrx_word' id='word_1_13' title='bbox 1210 554 1244 617; x_wconf 90' lang='lat' dir='ltr'>in</span> 
     </span>
     <span class='ocr_line' id='line_1_3' title="bbox 150 661 1245 763; baseline 0.003 -31"><span class='ocrx_word' id='word_1_14' title='bbox 150 667 289 732; x_wconf 86' lang='lat' dir='ltr'>Lucian.</span> <span class='ocrx_word' id='word_1_15' title='bbox 316 667 448 732; x_wconf 85' lang='lat' dir='ltr'><strong>Timon.</strong></span> <span class='ocrx_word' id='word_1_16' title='bbox 477 688 548 755; x_wconf 84' lang='lat' dir='ltr'>cap.</span> <span class='ocrx_word' id='word_1_17' title='bbox 575 666 623 732; x_wconf 73' lang='lat'>‘22</span> <span class='ocrx_word' id='word_1_18' title='bbox 647 662 711 729; x_wconf 88' lang='lat' dir='ltr'>vol.</span> <span class='ocrx_word' id='word_1_19' title='bbox 738 664 763 743; x_wconf 86' lang='grc' dir='ltr'>Ι,</span> <span class='ocrx_word' id='word_1_20' title='bbox 789 661 1009 763; x_wconf 27' lang='lat' dir='ltr'><strong>P·134,Sq·‚</strong></span> <span class='ocrx_word' id='word_1_21' title='bbox 1042 669 1245 760; x_wconf 79' lang='lat' dir='ltr'>Wyttenba-</span> 
     </span>
     <span class='ocr_line' id='line_1_4' title="bbox 155 775 1330 873; baseline 0.001 -26"><span class='ocrx_word' id='word_1_22' title='bbox 155 782 252 850; x_wconf 86' lang='lat' dir='ltr'>chius</span> <span class='ocrx_word' id='word_1_23' title='bbox 274 781 308 845; x_wconf 93' lang='lat' dir='ltr'>in</span> <span class='ocrx_word' id='word_1_24' title='bbox 334 778 501 847; x_wconf 69' lang='lat' dir='ltr'>Plutarch</span> <span class='ocrx_word' id='word_1_25' title='bbox 530 777 573 845; x_wconf 86' lang='lat' dir='ltr'>de</span> <span class='ocrx_word' id='word_1_26' title='bbox 602 778 744 863; x_wconf 63' lang='lat' dir='ltr'>dipcern.</span> <span class='ocrx_word' id='word_1_27' title='bbox 771 775 858 844; x_wconf 87' lang='lat' dir='ltr'>adul.</span> <span class='ocrx_word' id='word_1_28' title='bbox 884 780 925 845; x_wconf 78' lang='lat' dir='ltr'>ab</span> <span class='ocrx_word' id='word_1_29' title='bbox 953 782 1049 847; x_wconf 84' lang='lat' dir='ltr'>amic.</span> <span class='ocrx_word' id='word_1_30' title='bbox 1072 807 1105 873; x_wconf 85' lang='lat' dir='ltr'>p.</span> <span class='ocrx_word' id='word_1_31' title='bbox 1132 783 1179 852; x_wconf 82' lang='lat'>58</span> <span class='ocrx_word' id='word_1_32' title='bbox 1204 785 1245 849; x_wconf 91' lang='lat' dir='ltr'>D·</span> <span class='ocrx_word' id='word_1_33' title='bbox 1327 816 1330 821; x_wconf 55' lang='lat'><em>&gt;</em></span> 
     </span>
     <span class='ocr_line' id='line_1_5' title="bbox 153 872 1246 988; baseline 0.001 -26"><span class='ocrx_word' id='word_1_34' title='bbox 153 894 347 982; x_wconf 81' lang='lat' dir='ltr'>(Animadr.</span> <span class='ocrx_word' id='word_1_35' title='bbox 369 895 404 960; x_wconf 90' lang='lat' dir='ltr'>in</span> <span class='ocrx_word' id='word_1_36' title='bbox 430 892 549 961; x_wconf 83' lang='lat' dir='ltr'>Moral.</span> <span class='ocrx_word' id='word_1_37' title='bbox 577 892 643 962; x_wconf 88' lang='lat' dir='ltr'>vol.</span> <span class='ocrx_word' id='word_1_38' title='bbox 671 895 696 972; x_wconf 88' lang='lat' dir='ltr'>I,</span> <span class='ocrx_word' id='word_1_39' title='bbox 718 872 873 987; x_wconf 49' lang='lat' dir='ltr'>pfflii,</span> <span class='ocrx_word' id='word_1_40' title='bbox 912 893 1246 988; x_wconf 82' lang='lat' dir='ltr'>Schweighaeuserus</span> 
     </span>
     <span class='ocr_line' id='line_1_6' title="bbox 151 1005 1247 1107; baseline 0.003 -33"><span class='ocrx_word' id='word_1_41' title='bbox 151 1010 187 1076; x_wconf 90' lang='lat' dir='ltr'>in</span> <span class='ocrx_word' id='word_1_42' title='bbox 210 1009 354 1107; x_wconf 75' lang='lat' dir='ltr'>Appian.</span> <span class='ocrx_word' id='word_1_43' title='bbox 378 1009 422 1075; x_wconf 90' lang='lat' dir='ltr'>de</span> <span class='ocrx_word' id='word_1_44' title='bbox 448 1007 529 1076; x_wconf 84' lang='lat' dir='ltr'>bell.</span> <span class='ocrx_word' id='word_1_45' title='bbox 557 1005 644 1100; x_wconf 88' lang='lat' dir='ltr'>civil.</span> <span class='ocrx_word' id='word_1_46' title='bbox 672 1008 712 1088; x_wconf 87' lang='lat' dir='ltr'>V,</span> <span class='ocrx_word' id='word_1_47' title='bbox 730 1010 769 1097; x_wconf 78' lang='lat'>9.</span> <span class='ocrx_word' id='word_1_48' title='bbox 795 1035 830 1101; x_wconf 89' lang='lat' dir='ltr'>p·</span> <span class='ocrx_word' id='word_1_49' title='bbox 856 1009 950 1089; x_wconf 54' lang='lat'>723„</span> <span class='ocrx_word' id='word_1_50' title='bbox 974 1009 1028 1076; x_wconf 84' lang='lat' dir='ltr'>Ad</span> <span class='ocrx_word' id='word_1_51' title='bbox 1053 1035 1108 1077; x_wconf 87' lang='lat' dir='ltr'>eos</span> <span class='ocrx_word' id='word_1_52' title='bbox 1137 1029 1247 1077; x_wconf 83' lang='lat' dir='ltr'>autem</span> 
     </span>
     <span class='ocr_line' id='line_1_7' title="bbox 154 1122 1246 1219; baseline 0.004 -28"><span class='ocrx_word' id='word_1_53' title='bbox 154 1125 349 1192; x_wconf 83' lang='lat' dir='ltr'><strong>sacerdotes</strong></span> <span class='ocrx_word' id='word_1_54' title='bbox 376 1149 589 1192; x_wconf 87' lang='lat' dir='ltr'>communem</span> <span class='ocrx_word' id='word_1_55' title='bbox 602 1122 842 1191; x_wconf 71' lang='lat' dir='ltr'>tradendorum</span> <span class='ocrx_word' id='word_1_56' title='bbox 860 1124 1246 1219; x_wconf 85' lang='lat' dir='ltr'>concredendarumque</span> 
     </span>
     <span class='ocr_line' id='line_1_8' title="bbox 151 1239 1247 1335; baseline 0.001 -29"><span class='ocrx_word' id='word_1_57' title='bbox 151 1242 373 1335; x_wconf 76' lang='lat' dir='ltr'><strong>pecuniarum</strong></span> <span class='ocrx_word' id='word_1_58' title='bbox 405 1265 533 1308; x_wconf 87' lang='lat' dir='ltr'>morem</span> <span class='ocrx_word' id='word_1_59' title='bbox 558 1241 771 1333; x_wconf 79' lang='lat' dir='ltr'>pertinuisse,</span> <span class='ocrx_word' id='word_1_60' title='bbox 798 1240 931 1335; x_wconf 83' lang='lat' dir='ltr'>profugi</span> <span class='ocrx_word' id='word_1_61' title='bbox 962 1239 1155 1334; x_wconf 86' lang='lat' dir='ltr'>exemplum</span> <span class='ocrx_word' id='word_1_62' title='bbox 1178 1243 1247 1307; x_wconf 84' lang='lat' dir='ltr'>Xe-</span> 
     </span>
     <span class='ocr_line' id='line_1_9' title="bbox 154 1346 1247 1450; baseline 0.003 -28"><span class='ocrx_word' id='word_1_63' title='bbox 154 1355 340 1447; x_wconf 90' lang='lat' dir='ltr'>nophontis</span> <span class='ocrx_word' id='word_1_64' title='bbox 374 1346 475 1424; x_wconf 89' lang='lat' dir='ltr'>docet</span> <span class='ocrx_word' id='word_1_65' title='bbox 508 1355 597 1450; x_wconf 85' lang='lat' dir='ltr'>apud</span> <span class='ocrx_word' id='word_1_66' title='bbox 624 1357 812 1449; x_wconf 82' lang='lat' dir='ltr'>Diogenem</span> <span class='ocrx_word' id='word_1_67' title='bbox 845 1357 933 1422; x_wconf 91' lang='lat' dir='ltr'>etin</span> <span class='ocrx_word' id='word_1_68' title='bbox 958 1356 1063 1450; x_wconf 85' lang='lat' dir='ltr'>ipsius</span> <span class='ocrx_word' id='word_1_69' title='bbox 1089 1356 1247 1448; x_wconf 79' lang='lat' dir='ltr'>Expedit</span> 
     </span>
     <span class='ocr_line' id='line_1_10' title="bbox 156 1469 1249 1566; baseline 0.002 -29"><span class='ocrx_word' id='word_1_70' title='bbox 156 1471 238 1565; x_wconf 85' lang='lat' dir='ltr'>Cyr.</span> <span class='ocrx_word' id='word_1_71' title='bbox 264 1474 379 1563; x_wconf 10' lang='lat' dir='ltr'><strong>V,k3‚</strong></span> <span class='ocrx_word' id='word_1_72' title='bbox 406 1469 438 1538; x_wconf 84' lang='lat'>6.</span> <span class='ocrx_word' id='word_1_73' title='bbox 490 1471 529 1536; x_wconf 90' lang='lat' dir='ltr'>In</span> <span class='ocrx_word' id='word_1_74' title='bbox 564 1471 646 1537; x_wconf 85' lang='lat' dir='ltr'>haec</span> <span class='ocrx_word' id='word_1_75' title='bbox 683 1496 760 1536; x_wconf 84' lang='lat' dir='ltr'>sane</span> <span class='ocrx_word' id='word_1_76' title='bbox 791 1471 843 1537; x_wconf 86' lang='lat' dir='ltr'>vix</span> <span class='ocrx_word' id='word_1_77' title='bbox 869 1469 1001 1566; x_wconf 72' lang='lat' dir='ltr'>videtur</span> <span class='ocrx_word' id='word_1_78' title='bbox 1024 1497 1099 1539; x_wconf 88' lang='lat' dir='ltr'>casu</span> <span class='ocrx_word' id='word_1_79' title='bbox 1126 1495 1249 1539; x_wconf 87' lang='lat' dir='ltr'>conve·</span> 
     </span>
     <span class='ocr_line' id='line_1_11' title="bbox 155 1585 1250 1681; baseline 0 -29"><span class='ocrx_word' id='word_1_80' title='bbox 155 1588 242 1665; x_wconf 85' lang='lat' dir='ltr'>nire,</span> <span class='ocrx_word' id='word_1_81' title='bbox 266 1585 359 1681; x_wconf 84' lang='lat' dir='ltr'>qnod</span> <span class='ocrx_word' id='word_1_82' title='bbox 383 1587 558 1680; x_wconf 78' lang='lat' dir='ltr'>Megabyzi</span> <span class='ocrx_word' id='word_1_83' title='bbox 584 1585 709 1654; x_wconf 85' lang='lat' dir='ltr'>aeditui</span> <span class='ocrx_word' id='word_1_84' title='bbox 736 1588 861 1654; x_wconf 88' lang='lat' dir='ltr'>mentio</span> <span class='ocrx_word' id='word_1_85' title='bbox 888 1586 971 1654; x_wconf 84' lang='lat' dir='ltr'>sacta</span> <span class='ocrx_word' id='word_1_86' title='bbox 997 1606 1045 1654; x_wconf 88' lang='lat' dir='ltr'>est</span> <span class='ocrx_word' id='word_1_87' title='bbox 1071 1585 1250 1655; x_wconf 82' lang='lat' dir='ltr'>Menandri</span> 
     </span>
     <span class='ocr_line' id='line_1_12' title="bbox 156 1695 1248 1794; baseline -0.003 -24"><span class='ocrx_word' id='word_1_88' title='bbox 156 1700 225 1789; x_wconf 86' lang='grc' dir='ltr'>Δὶς</span> <span class='ocrx_word' id='word_1_89' title='bbox 250 1695 478 1787; x_wconf 78' lang='grc' dir='ltr'><strong><em>ἐξαπατῶντι</em></strong></span> <span class='ocrx_word' id='word_1_90' title='bbox 505 1704 640 1769; x_wconf 87' lang='lat' dir='ltr'>testibus</span> <span class='ocrx_word' id='word_1_91' title='bbox 662 1702 838 1794; x_wconf 89' lang='lat' dir='ltr'>Photiop</span> <span class='ocrx_word' id='word_1_92' title='bbox 866 1705 933 1781; x_wconf 74' lang='lat' dir='ltr'>to,</span> <span class='ocrx_word' id='word_1_93' title='bbox 959 1700 982 1770; x_wconf 85' lang='lat'>6</span> <span class='ocrx_word' id='word_1_94' title='bbox 1018 1722 1050 1770; x_wconf 86' lang='lat' dir='ltr'>ct</span> <span class='ocrx_word' id='word_1_95' title='bbox 1082 1701 1185 1769; x_wconf 87' lang='lat' dir='ltr'>Suida</span> <span class='ocrx_word' id='word_1_96' title='bbox 1218 1730 1248 1768; x_wconf 93' lang='lat' dir='ltr'>v.</span> 
     </span>
     <span class='ocr_line' id='line_1_13' title="bbox 155 1810 1249 1915; baseline -0.003 -28.986"><span class='ocrx_word' id='word_1_97' title='bbox 155 1815 324 1915; x_wconf 73' lang='grc' dir='ltr'><em>ζάκορος,</em></span> <span class='ocrx_word' id='word_1_98' title='bbox 352 1842 493 1912; x_wconf 83' lang='lat' dir='ltr'>quoium</span> <span class='ocrx_word' id='word_1_99' title='bbox 519 1819 605 1884; x_wconf 85' lang='lat' dir='ltr'>hoec</span> <span class='ocrx_word' id='word_1_100' title='bbox 629 1837 705 1889; x_wconf 90' lang='lat' dir='ltr'>suut</span> <span class='ocrx_word' id='word_1_101' title='bbox 733 1818 848 1884; x_wconf 84' lang='lat' dir='ltr'>verba:</span> <span class='ocrx_word' id='word_1_102' title='bbox 871 1814 1047 1911; x_wconf 69' lang='lat' dir='ltr'>Zoixopog:</span> <span class='ocrx_word' id='word_1_103' title='bbox 1074 1810 1249 1911; x_wconf 78' lang='grc' dir='ltr'><strong>νεωκόρος.</strong></span> 
     </span>
     <span class='ocr_line' id='line_1_14' title="bbox 157 1925 727 2028; baseline -0.007 -26"><span class='ocrx_word' id='word_1_104' title='bbox 157 1925 373 2028; x_wconf 81' lang='grc' dir='ltr'><strong><em>Μένανδρος</em></strong></span> <span class='ocrx_word' id='word_1_105' title='bbox 398 1926 463 2011; x_wconf 80' lang='grc' dir='ltr'>Δὶς</span> <span class='ocrx_word' id='word_1_106' title='bbox 489 1925 727 2014; x_wconf 78' lang='grc' dir='ltr'><strong><em>ἐξαπατῶντι</em></strong></span> 
     </span>
    </p>

    <p class='ocr_par' dir='ltr' id='par_1_3' title="bbox 654 2039 1016 2141">
     <span class='ocr_line' id='line_1_15' title="bbox 654 2039 1016 2141; baseline 0.003 -26"><span class='ocrx_word' id='word_1_107' title='bbox 654 2048 697 2115; x_wconf 85' lang='grc' dir='ltr'>οὐ</span> <span class='ocrx_word' id='word_1_108' title='bbox 724 2039 986 2141; x_wconf 72' lang='grc' dir='ltr'><strong><em>Μεγάβυζος</em></strong></span> <span class='ocrx_word' id='word_1_109' title='bbox 964 2071 1016 2126; x_wconf 80' lang='grc' dir='ltr'>ην,</span> 
     </span>
    </p>

    <p class='ocr_par' dir='ltr' id='par_1_4' title="bbox 357 2158 815 2258">
     <span class='ocr_line' id='line_1_16' title="bbox 357 2158 815 2258; baseline 0.002 -25"><span class='ocrx_word' id='word_1_110' title='bbox 357 2158 463 2243; x_wconf 83' lang='grc' dir='ltr'><strong><em>ὅστις</em></strong></span> <span class='ocrx_word' id='word_1_111' title='bbox 486 2163 629 2256; x_wconf 73' lang='grc' dir='ltr'><strong><em>γένοιτο</em></strong></span> <span class='ocrx_word' id='word_1_112' title='bbox 656 2158 815 2258; x_wconf 72' lang='grc' dir='ltr'><strong>ζάκορος.</strong></span> 
     </span>
    </p>

    <p class='ocr_par' dir='ltr' id='par_1_5' title="bbox 159 2279 1251 2374">
     <span class='ocr_line' id='line_1_17' title="bbox 159 2279 1251 2374; baseline -0.005 -19"><span class='ocrx_word' id='word_1_113' title='bbox 159 2284 220 2355; x_wconf 83' lang='lat' dir='ltr'>Sic</span> <span class='ocrx_word' id='word_1_114' title='bbox 243 2285 331 2351; x_wconf 87' lang='lat' dir='ltr'>enim</span> <span class='ocrx_word' id='word_1_115' title='bbox 355 2283 438 2350; x_wconf 85' lang='lat' dir='ltr'>haec</span> <span class='ocrx_word' id='word_1_116' title='bbox 462 2300 554 2350; x_wconf 88' lang='lat' dir='ltr'>recte</span> <span class='ocrx_word' id='word_1_117' title='bbox 579 2279 747 2348; x_wconf 88' lang='lat' dir='ltr'>Bentleius</span> <span class='ocrx_word' id='word_1_118' title='bbox 772 2280 943 2374; x_wconf 84' lang='lat' dir='ltr'>disposuit.</span> <span class='ocrx_word' id='word_1_119' title='bbox 978 2281 1029 2347; x_wconf 85' lang='lat' dir='ltr'>De</span> <span class='ocrx_word' id='word_1_120' title='bbox 1051 2281 1251 2374; x_wconf 80' lang='lat' dir='ltr'>interpreta-</span> 
     </span>
    </p>
   </div>
   <div class='ocr_carea' id='block_1_3' title="bbox 1022 2124 1069 2183">
    <p class='ocr_par' dir='ltr' id='par_1_6' title="bbox 1022 2124 1069 2183">
     <span class='ocr_line' id='line_1_18' title="bbox 1022 2124 1069 2183; baseline 0 -26"><span class='ocrx_word' id='word_1_121' title='bbox 1022 2124 1069 2183; x_wconf 45' lang='grc' dir='ltr'>η’.</span> 
     </span>
    </p>
   </div>
   <div class='ocr_carea' id='block_1_4' title="bbox 143 2386 1256 4461">
    <p class='ocr_par' dir='ltr' id='par_1_7' title="bbox 143 2386 1256 4461">
     <span class='ocr_line' id='line_1_19' title="bbox 159 2386 1250 2491; baseline -0.001 -23"><span class='ocrx_word' id='word_1_122' title='bbox 159 2401 253 2470; x_wconf 88' lang='lat' dir='ltr'>tione</span> <span class='ocrx_word' id='word_1_123' title='bbox 292 2418 403 2467; x_wconf 81' lang='lat' dir='ltr'>autem</span> <span class='ocrx_word' id='word_1_124' title='bbox 437 2397 785 2466; x_wconf 85' lang='lat' dir='ltr'>nec·Hemste1·husio</span> <span class='ocrx_word' id='word_1_125' title='bbox 811 2386 993 2490; x_wconf 63' lang='lat' dir='ltr'>assentior2</span> <span class='ocrx_word' id='word_1_126' title='bbox 1030 2391 1250 2491; x_wconf 73' lang='grc' dir='ltr'><em>Μεγάβυζον</em></span> 
     </span>
     <span class='ocr_line' id='line_1_20' title="bbox 143 2490 1249 2616; baseline -0.005 -32"><span class='ocrx_word' id='word_1_127' title='bbox 143 2490 225 2616; x_wconf 75' lang='lat' dir='ltr'>&#39;pro</span> <span class='ocrx_word' id='word_1_128' title='bbox 254 2515 407 2585; x_wconf 87' lang='lat' dir='ltr'>eunucho</span> <span class='ocrx_word' id='word_1_129' title='bbox 430 2515 576 2607; x_wconf 90' lang='lat' dir='ltr'>positum</span> <span class='ocrx_word' id='word_1_130' title='bbox 601 2516 749 2613; x_wconf 75' lang='lat' dir='ltr'>pptanti,</span> <span class='ocrx_word' id='word_1_131' title='bbox 787 2539 851 2580; x_wconf 87' lang='lat' dir='ltr'>nec</span> <span class='ocrx_word' id='word_1_132' title='bbox 884 2514 1018 2605; x_wconf 62' lang='lat' dir='ltr'>{I&#39;oupio</span> <span class='ocrx_word' id='word_1_133' title='bbox 1045 2513 1187 2580; x_wconf 85' lang='lat' dir='ltr'>Emend.</span> <span class='ocrx_word' id='word_1_134' title='bbox 1214 2515 1249 2579; x_wconf 91' lang='lat' dir='ltr'>in</span> 
     </span>
     <span class='ocr_line' id='line_1_21' title="bbox 155 2622 1248 2723; baseline -0.008 -20"><span class='ocrx_word' id='word_1_135' title='bbox 155 2629 257 2717; x_wconf 85' lang='lat' dir='ltr'>¹Suid.</span> <span class='ocrx_word' id='word_1_136' title='bbox 282 2633 316 2713; x_wconf 81' lang='grc' dir='ltr'>Ρ.</span> <span class='ocrx_word' id='word_1_137' title='bbox 344 2631 386 2712; x_wconf 90' lang='lat'>11,</span> <span class='ocrx_word' id='word_1_138' title='bbox 412 2657 448 2723; x_wconf 89' lang='lat' dir='ltr'>p.</span> <span class='ocrx_word' id='word_1_139' title='bbox 477 2632 545 2700; x_wconf 83' lang='lat'>153</span> <span class='ocrx_word' id='word_1_140' title='bbox 571 2630 661 2722; x_wconf 83' lang='lat' dir='ltr'>Lips.</span> <span class='ocrx_word' id='word_1_141' title='bbox 688 2631 735 2695; x_wconf 92' lang='lat' dir='ltr'>sic</span> <span class='ocrx_word' id='word_1_142' title='bbox 761 2622 923 2698; x_wconf 83' lang='lat' dir='ltr'>vertenti:</span> <span class='ocrx_word' id='word_1_143' title='bbox 951 2629 1038 2695; x_wconf 80' lang='lat' dir='ltr'>alius</span> <span class='ocrx_word' id='word_1_144' title='bbox 1059 2645 1110 2695; x_wconf 87' lang='lat' dir='ltr'>est</span> <span class='ocrx_word' id='word_1_145' title='bbox 1126 2625 1248 2719; x_wconf 57' lang='lat' dir='ltr'>Mrya&#39;„</span> 
     </span>
     <span class='ocr_line' id='line_1_22' title="bbox 159 2739 1248 2843; baseline -0.003 -28"><span class='ocrx_word' id='word_1_146' title='bbox 159 2741 279 2843; x_wconf 76' lang='grc' dir='ltr'><strong><em>βυζος,</em></strong></span> <span class='ocrx_word' id='word_1_147' title='bbox 304 2739 574 2836; x_wconf 66' lang='grc' dir='ltr'><strong><em>αἶίιιτζάκορος,</em></strong></span> <span class='ocrx_word' id='word_1_148' title='bbox 601 2745 667 2811; x_wconf 89' lang='lat' dir='ltr'>vel:</span> <span class='ocrx_word' id='word_1_149' title='bbox 693 2750 752 2838; x_wconf 84' lang='lat' dir='ltr'>qui</span> <span class='ocrx_word' id='word_1_150' title='bbox 776 2739 946 2841; x_wconf 76' lang='grc' dir='ltr'><strong><em>ζάκορος,</em></strong></span> <span class='ocrx_word' id='word_1_151' title='bbox 974 2768 1046 2840; x_wconf 80' lang='grc' dir='ltr'>Ιαοη</span> <span class='ocrx_word' id='word_1_152' title='bbox 1067 2744 1157 2811; x_wconf 83' lang='lat' dir='ltr'>idem</span> <span class='ocrx_word' id='word_1_153' title='bbox 1182 2750 1248 2813; x_wconf 83' lang='lat' dir='ltr'>uti-</span> 
     </span>
     <span class='ocr_line' id='line_1_23' title="bbox 162 2856 1249 2957; baseline -0.004 -26"><span class='ocrx_word' id='word_1_154' title='bbox 162 2888 227 2955; x_wconf 80' lang='lat' dir='ltr'>que</span> <span class='ocrx_word' id='word_1_155' title='bbox 252 2856 473 2957; x_wconf 67' lang='grc' dir='ltr'><strong>Μεγάβυζος.</strong></span> <span class='ocrx_word' id='word_1_156' title='bbox 498 2861 586 2945; x_wconf 90' lang='lat' dir='ltr'>Quid</span> <span class='ocrx_word' id='word_1_157' title='bbox 609 2880 660 2927; x_wconf 87' lang='lat' dir='ltr'>est</span> <span class='ocrx_word' id='word_1_158' title='bbox 685 2865 785 2941; x_wconf 89' lang='lat' dir='ltr'>enim,</span> <span class='ocrx_word' id='word_1_159' title='bbox 813 2888 872 2929; x_wconf 87' lang='lat' dir='ltr'>cur</span> <span class='ocrx_word' id='word_1_160' title='bbox 898 2863 941 2931; x_wconf 88' lang='lat' dir='ltr'>de</span> <span class='ocrx_word' id='word_1_161' title='bbox 969 2866 1127 2932; x_wconf 81' lang='lat' dir='ltr'>sententia</span> <span class='ocrx_word' id='word_1_162' title='bbox 1157 2887 1249 2930; x_wconf 88' lang='lat' dir='ltr'>com-</span> 
     </span>
     <span class='ocr_line' id='line_1_24' title="bbox 162 2965 1249 3073; baseline 0.001 -28"><span class='ocrx_word' id='word_1_163' title='bbox 162 2982 256 3057; x_wconf 86' lang='lat' dir='ltr'>muni</span> <span class='ocrx_word' id='word_1_164' title='bbox 283 2977 660 3073; x_wconf 76' lang='lat' dir='ltr'>quadamcogitemusi,</span> <span class='ocrx_word' id='word_1_165' title='bbox 706 2978 824 3044; x_wconf 85' lang='lat' dir='ltr'>Immo&#39;</span> <span class='ocrx_word' id='word_1_166' title='bbox 845 2980 943 3045; x_wconf 81' lang='lat' dir='ltr'>verba</span> <span class='ocrx_word' id='word_1_167' title='bbox 977 2965 1020 3044; x_wconf 41' lang='lat' dir='ltr'>iu*</span> <span class='ocrx_word' id='word_1_168' title='bbox 1048 2980 1168 3047; x_wconf 87' lang='lat' dir='ltr'>mutuis</span> <span class='ocrx_word' id='word_1_169' title='bbox 1192 3005 1249 3046; x_wconf 88' lang='lat' dir='ltr'>co·</span> 
     </span>
     <span class='ocr_line' id='line_1_25' title="bbox 158 3092 1246 3187; baseline -0.005 -24"><span class='ocrx_word' id='word_1_170' title='bbox 158 3095 316 3179; x_wconf 46' lang='lat' dir='ltr'>‚moedioe</span> <span class='ocrx_word' id='word_1_171' title='bbox 341 3096 547 3162; x_wconf 85' lang='lat' dir='ltr'>sermonibus</span> <span class='ocrx_word' id='word_1_172' title='bbox 573 3095 677 3185; x_wconf 80' lang='lat' dir='ltr'>posita</span> <span class='ocrx_word' id='word_1_173' title='bbox 695 3096 930 3173; x_wconf 84' lang='lat' dir='ltr'>autsicverto:</span> <span class='ocrx_word' id='word_1_174' title='bbox 959 3096 1070 3161; x_wconf 82' lang='lat' dir='ltr'>nullus</span> <span class='ocrx_word' id='word_1_175' title='bbox 1093 3092 1246 3187; x_wconf 84' lang='lat' dir='ltr'>(Ephesi)</span> 
     </span>
     <span class='ocr_line' id='line_1_26' title="bbox 160 3208 1248 3303; baseline -0.003 -26"><span class='ocrx_word' id='word_1_176' title='bbox 160 3209 380 3303; x_wconf 79' lang='lat' dir='ltr'>Megabyzus</span> <span class='ocrx_word' id='word_1_177' title='bbox 395 3215 491 3299; x_wconf 83' lang='lat' dir='ltr'>fuit,</span> <span class='ocrx_word' id='word_1_178' title='bbox 517 3215 576 3303; x_wconf 85' lang='lat' dir='ltr'>qui</span> <span class='ocrx_word' id='word_1_179' title='bbox 598 3209 755 3276; x_wconf 85' lang='lat' dir='ltr'>aedituus</span> <span class='ocrx_word' id='word_1_180' title='bbox 781 3227 868 3277; x_wconf 84' lang='lat' dir='ltr'>esset</span> <span class='ocrx_word' id='word_1_181' title='bbox 893 3213 1049 3291; x_wconf 82' lang='lat' dir='ltr'>Dianae,</span> <span class='ocrx_word' id='word_1_182' title='bbox 1075 3229 1131 3276; x_wconf 81' lang='lat' dir='ltr'>out</span> <span class='ocrx_word' id='word_1_183' title='bbox 1156 3208 1248 3302; x_wconf 94' lang='lat' dir='ltr'>quod</span> 
     </span>
     <span class='ocr_line' id='line_1_27' title="bbox 162 3325 1251 3435; baseline -0.003 -40"><span class='ocrx_word' id='word_1_184' title='bbox 162 3327 267 3395; x_wconf 87' lang='lat' dir='ltr'>multo</span> <span class='ocrx_word' id='word_1_185' title='bbox 295 3329 395 3420; x_wconf 86' lang='lat' dir='ltr'>magis</span> <span class='ocrx_word' id='word_1_186' title='bbox 419 3326 547 3420; x_wconf 85' lang='lat' dir='ltr'>placet:</span> <span class='ocrx_word' id='word_1_187' title='bbox 573 3350 644 3391; x_wconf 85' lang='lat' dir='ltr'>non</span> <span class='ocrx_word' id='word_1_188' title='bbox 669 3325 885 3435; x_wconf 55' lang='lat' dir='ltr'>Megabyczts</span> <span class='ocrx_word' id='word_1_189' title='bbox 918 3327 1039 3421; x_wconf 83' lang='lat' dir='ltr'>aliquis</span> <span class='ocrx_word' id='word_1_190' title='bbox 1060 3329 1161 3414; x_wconf 83' lang='lat' dir='ltr'>fuit,</span> <span class='ocrx_word' id='word_1_191' title='bbox 1193 3330 1251 3420; x_wconf 80' lang='lat' dir='ltr'>qui</span> 
     </span>
     <span class='ocr_line' id='line_1_28' title="bbox 162 3441 1251 3533; baseline -0.004 -24"><span class='ocrx_word' id='word_1_192' title='bbox 162 3441 324 3509; x_wconf 85' lang='lat' dir='ltr'>aedituus</span> <span class='ocrx_word' id='word_1_193' title='bbox 346 3444 485 3509; x_wconf 81' lang='lat' dir='ltr'>Dionae</span> <span class='ocrx_word' id='word_1_194' title='bbox 510 3441 679 3533; x_wconf 75' lang='lat' dir='ltr'>Ephesiae</span> <span class='ocrx_word' id='word_1_195' title='bbox 705 3442 818 3507; x_wconf 78' lang='lat' dir='ltr'>esset?</span> <span class='ocrx_word' id='word_1_196' title='bbox 843 3443 875 3507; x_wconf 91' lang='lat' dir='ltr'>h.</span> <span class='ocrx_word' id='word_1_197' title='bbox 900 3469 927 3509; x_wconf 92' lang='lat' dir='ltr'>e.</span> <span class='ocrx_word' id='word_1_198' title='bbox 954 3460 990 3507; x_wconf 91' lang='lat' dir='ltr'>ut</span> <span class='ocrx_word' id='word_1_199' title='bbox 1015 3443 1169 3520; x_wconf 86' lang='lat' dir='ltr'>arbitror,</span> <span class='ocrx_word' id='word_1_200' title='bbox 1196 3445 1251 3506; x_wconf 85' lang='lat' dir='ltr'>cui</span> 
     </span>
     <span class='ocr_line' id='line_1_29' title="bbox 161 3555 1248 3649; baseline -0.007 -22"><span class='ocrx_word' id='word_1_201' title='bbox 161 3557 364 3627; x_wconf 70' lang='lat' dir='ltr'>crederetur</span> <span class='ocrx_word' id='word_1_202' title='bbox 386 3557 559 3649; x_wconf 80' lang='lat' dir='ltr'>pecunia?</span> <span class='ocrx_word' id='word_1_203' title='bbox 606 3560 710 3641; x_wconf 85' lang='lat' dir='ltr'>Quam</span> <span class='ocrx_word' id='word_1_204' title='bbox 733 3557 979 3624; x_wconf 81' lang='lat' dir='ltr'>sententiam&#39;si</span> <span class='ocrx_word' id='word_1_205' title='bbox 1003 3583 1076 3624; x_wconf 85' lang='lat' dir='ltr'>cum</span> <span class='ocrx_word' id='word_1_206' title='bbox 1100 3555 1248 3621; x_wconf 83' lang='lat' dir='ltr'>Plautina</span> 
     </span>
     <span class='ocr_line' id='line_1_30' title="bbox 158 3669 1249 3753; baseline -0.009 -10"><span class='ocrx_word' id='word_1_207' title='bbox 158 3699 261 3745; x_wconf 86' lang='lat' dir='ltr'>scena</span> <span class='ocrx_word' id='word_1_208' title='bbox 285 3676 320 3740; x_wconf 91' lang='lat' dir='ltr'>in</span> <span class='ocrx_word' id='word_1_209' title='bbox 341 3671 563 3739; x_wconf 84' lang='lat' dir='ltr'>Bacchidibus</span> <span class='ocrx_word' id='word_1_210' title='bbox 591 3671 803 3753; x_wconf 87' lang='lat' dir='ltr'>conferimus,</span> <span class='ocrx_word' id='word_1_211' title='bbox 829 3698 897 3740; x_wconf 92' lang='lat' dir='ltr'>non</span> <span class='ocrx_word' id='word_1_212' title='bbox 925 3693 973 3740; x_wconf 91' lang='lat' dir='ltr'>est</span> <span class='ocrx_word' id='word_1_213' title='bbox 997 3671 1131 3739; x_wconf 85' lang='lat' dir='ltr'>difficile</span> <span class='ocrx_word' id='word_1_214' title='bbox 1149 3669 1249 3736; x_wconf 86' lang='lat' dir='ltr'>intel-</span> 
     </span>
     <span class='ocr_line' id='line_1_31' title="bbox 158 3787 1248 3882; baseline -0.006 -23"><span class='ocrx_word' id='word_1_215' title='bbox 158 3791 272 3869; x_wconf 89' lang='lat' dir='ltr'>lectu,</span> <span class='ocrx_word' id='word_1_216' title='bbox 305 3788 492 3882; x_wconf 85' lang='lat' dir='ltr'>quomod0‚</span> <span class='ocrx_word' id='word_1_217' title='bbox 527 3787 694 3880; x_wconf 89' lang='lat' dir='ltr'>siquidem</span> <span class='ocrx_word' id='word_1_218' title='bbox 732 3789 911 3855; x_wconf 81' lang='lat' dir='ltr'>Menandri</span> <span class='ocrx_word' id='word_1_219' title='bbox 951 3788 1096 3855; x_wconf 78' lang='lat' dir='ltr'>fabulam</span> <span class='ocrx_word' id='word_1_220' title='bbox 1129 3787 1248 3854; x_wconf 81' lang='lat' dir='ltr'>latinus</span> 
     </span>
     <span class='ocr_line' id='line_1_32' title="bbox 160 3903 1252 4000; baseline -0.007 -25"><span class='ocrx_word' id='word_1_221' title='bbox 160 3925 267 4000; x_wconf 84' lang='lat' dir='ltr'>poeta</span> <span class='ocrx_word' id='word_1_222' title='bbox 292 3907 504 3998; x_wconf 79' lang='lat' dir='ltr'>expresserit,</span> <span class='ocrx_word' id='word_1_223' title='bbox 532 3903 623 3997; x_wconf 83' lang='lat' dir='ltr'>apud</span> <span class='ocrx_word' id='word_1_224' title='bbox 648 3922 827 3996; x_wconf 77' lang='lat' dir='ltr'>utrumque</span> <span class='ocrx_word' id='word_1_225' title='bbox 856 3905 961 3969; x_wconf 84' lang='lat' dir='ltr'>omnis</span> <span class='ocrx_word' id='word_1_226' title='bbox 986 3906 1036 3968; x_wconf 85' lang='lat' dir='ltr'>tei</span> <span class='ocrx_word' id='word_1_227' title='bbox 1061 3906 1153 3970; x_wconf 80' lang='lat' dir='ltr'>ratio.</span> <span class='ocrx_word' id='word_1_228' title='bbox 1161 3927 1252 3969; x_wconf 89' lang='lat' dir='ltr'>com·</span> 
     </span>
     <span class='ocr_line' id='line_1_33' title="bbox 158 4018 1253 4115; baseline -0.003 -27"><span class='ocrx_word' id='word_1_229' title='bbox 158 4040 276 4115; x_wconf 85' lang='lat' dir='ltr'>parata</span> <span class='ocrx_word' id='word_1_230' title='bbox 303 4047 374 4088; x_wconf 85' lang='lat' dir='ltr'>esse</span> <span class='ocrx_word' id='word_1_231' title='bbox 397 4021 552 4114; x_wconf 83' lang='lat' dir='ltr'>potuerit.</span> <span class='ocrx_word' id='word_1_232' title='bbox 606 4021 742 4104; x_wconf 88' lang='lat' dir='ltr'>Quaerit</span> <span class='ocrx_word' id='word_1_233' title='bbox 767 4019 885 4112; x_wconf 86' lang='lat' dir='ltr'>apud</span> <span class='ocrx_word' id='word_1_234' title='bbox 878 4018 1101 4087; x_wconf 79' lang='lat' dir='ltr'>Menandrum</span> <span class='ocrx_word' id='word_1_235' title='bbox 1125 4021 1253 4088; x_wconf 86' lang='lat' dir='ltr'>Mnesi-</span> 
     </span>
     <span class='ocr_line' id='line_1_34' title="bbox 161 4094 1253 4230; baseline -0.004 -25"><span class='ocrx_word' id='word_1_236' title='bbox 161 4137 256 4205; x_wconf 89' lang='lat' dir='ltr'>lochi</span> <span class='ocrx_word' id='word_1_237' title='bbox 280 4155 385 4228; x_wconf 84' lang='lat' dir='ltr'>potor,</span> <span class='ocrx_word' id='word_1_238' title='bbox 412 4136 503 4230; x_wconf 90' lang='lat' dir='ltr'>quod</span> <span class='ocrx_word' id='word_1_239' title='bbox 529 4162 586 4203; x_wconf 82' lang='lat' dir='ltr'>suo</span> <span class='ocrx_word' id='word_1_240' title='bbox 604 4154 723 4228; x_wconf 89' lang='lat' dir='ltr'>sponte</span> <span class='ocrx_word' id='word_1_241' title='bbox 739 4155 925 4203; x_wconf 79' lang='lat' dir='ltr'>narrantem</span> <span class='ocrx_word' id='word_1_242' title='bbox 945 4132 1142 4226; x_wconf 77' lang='lat' dir='ltr'>Chrysalum</span> <span class='ocrx_word' id='word_1_243' title='bbox 1143 4094 1253 4203; x_wconf 77' lang='lat' dir='ltr'>Piru-</span> 
     </span>
     <span class='ocr_line' id='line_1_35' title="bbox 164 4248 1253 4344; baseline -0.002 -27"><span class='ocrx_word' id='word_1_244' title='bbox 164 4271 217 4318; x_wconf 89' lang='lat' dir='ltr'>tus</span> <span class='ocrx_word' id='word_1_245' title='bbox 244 4251 326 4318; x_wconf 84' lang='lat' dir='ltr'>fecit</span> <span class='ocrx_word' id='word_1_246' title='bbox 351 4276 418 4318; x_wconf 90' lang='lat' dir='ltr'>non</span> <span class='ocrx_word' id='word_1_247' title='bbox 444 4255 537 4344; x_wconf 88' lang='lat' dir='ltr'>prius</span> <span class='ocrx_word' id='word_1_248' title='bbox 565 4250 607 4317; x_wconf 88' lang='lat' dir='ltr'>de</span> <span class='ocrx_word' id='word_1_249' title='bbox 633 4251 849 4342; x_wconf 76' lang='lat' dir='ltr'>Megabyio</span> <span class='ocrx_word' id='word_1_250' title='bbox 840 4267 1088 4344; x_wconf 77' lang='lat' dir='ltr'>interrogatum.</span> <span class='ocrx_word' id='word_1_251' title='bbox 1136 4248 1253 4329; x_wconf 88' lang='lat' dir='ltr'>Vides,</span> 
     </span>
     <span class='ocr_line' id='line_1_36' title="bbox 170 4364 1256 4461; baseline -0.006 -26"><span class='ocrx_word' id='word_1_252' title='bbox 170 4369 381 4461; x_wconf 86' lang='lat' dir='ltr'>quantumvis</span> <span class='ocrx_word' id='word_1_253' title='bbox 414 4368 561 4460; x_wconf 86' lang='lat' dir='ltr'>potuerit</span> <span class='ocrx_word' id='word_1_254' title='bbox 593 4366 744 4460; x_wconf 86' lang='lat' dir='ltr'>prosectu</span> <span class='ocrx_word' id='word_1_255' title='bbox 781 4364 969 4459; x_wconf 84' lang='lat' dir='ltr'>exemplum</span> <span class='ocrx_word' id='word_1_256' title='bbox 1003 4368 1154 4434; x_wconf 90' lang='lat' dir='ltr'>suumin</span> <span class='ocrx_word' id='word_1_257' title='bbox 1181 4366 1256 4458; x_wconf 88' lang='lat' dir='ltr'>qui-</span> 
     </span>
    </p>
   </div>
   <div class='ocr_carea' id='block_1_5' title="bbox 0 0 1452 4942">
    <p class='ocr_par' dir='ltr' id='par_1_8' title="bbox 0 0 1452 4942">
     <span class='ocr_line' id='line_1_37' title="bbox 0 0 1452 4942; baseline 0 0"><span class='ocrx_word' id='word_1_258' title='bbox 0 0 1452 4942; x_wconf 95' lang='lat' dir='ltr'> </span> 
     </span>
    </p>
   </div>
  </div>
 </body>
</html>
