2872 4942
170 348 242 419 436
391 371 457 411 νιιι.
491 370 532 411 ne
557 367 702 413 rvrntro
726 369 896 413 scenam
924 370 1046 413 oantue

173 545 257 610 illud
285 545 393 636 ipsum
416 540 618 608 considendi
645 561 679 608 et
704 540 905 634 expectandi
940 540 1049 626 (v'elut
1072 538 1167 605 salium
1187 565 1233 602 ext

170 656 344 754 pectandi)
384 657 555 724 consilium
583 658 797 749 Theuropidi
830 657 958 751 aliquot
989 657 1104 724 verbis
1132 654 1248 747 siguiliae

173 775 315 842 candum
341 774 450 854 fuisse,
476 797 614 864 prorsus
642 792 677 838 ut
700 774 759 850 ΙΙΙ,
776 775 890 850 1,le
916 796 981 864 ego
1008 773 1064 839 laic
1090 779 1254 861 tantisper

170 894 214 958 ait
239 891 319 956 dum
336 895 422 964 exis,
448 908 482 954 te
506 894 666 980 opperiar
680 893 793 976 foris,
819 890 1014 982 priusquam
1032 914 1232 982 permagnam

170 1025 299 1099 partem
326 1031 448 1072 scenae
473 1006 532 1083 ΙΙΙ,
560 1011 581 1074 ‘2
608 1005 731 1071 otiosus
757 1030 837 1070 sane
865 1022 957 1075 astat.
1019 1007 1092 1071 Neo
1118 1002 1232 1071 scabelli

74 1113 78 1119 ’
169 1121 343 1188 artificium
369 1119 455 1185 illud
481 1119 576 1186 valde
591 1117 724 1211 placet,
747 1119 956 1212 probabilius
978 1140 1081 1199 certe,
1108 1117 1231 1186 simodo

169 1237 212 1303 de
238 1236 355 1302 lacuna
385 1234 606 1329 cogitandum,
632 1237 667 1300 iu
694 1254 841 1301 extrema
867 1236 968 1316 lll,3
995 1235 1230 1327 Thenropideu

170 1350 355 1418 credideris
381 1351 445 1417 tale
473 1349 633 1443 quiddam
658 1349 798 1417 dixisse:
824 1346 896 1418 Se'd
918 1350 1003 1443 quid
1024 1353 1077 1417 illi
1101 1352 1231 1416 homines

170 1464 262 1531 metis
287 1465 336 1530 ad
358 1464 454 1530 aedis
485 1459 550 1531 luic
574 1463 703 1530 liabent
735 1466 866 1530 recta'm
902 1467 1017 1532 viam?
1049 1461 1262 1556 Pusillisper·

103 1578 115 1597 ⁵
169 1580 260 1678 lubet
287 1577 468 1647 dbservare
492 1575 575 1671 quid
596 1597 723 1671 agant:
758 1581 823 1646 trac
856 1577 1065 1648 couce'ssero.
1140 1585 1238 1665 Quan-

169 1723 267 1790 quam
291 1723 333 1762 ne
370 1695 453 1789 quid
481 1696 710 1777 dissimulem,
747 1695 800 1763 sel
825 1698 872 1762 sic
897 1696 1026 1790 aliquid
1061 1696 1254 1764 offensionis·-

166 1814 323 1879 relietum
356 1832 420 1879 est:
465 1812 635 1879 fatendum
671 1831 721 1879 est
760 1815 846 1878 enim
879 1811 1112 1905 Theuropidis
1147 1812 1248 1879 verba.

168 1931 226 2008 IV,
251 1933 283 2009 2,
311 1928 358 1998 ‘26
385 1931 492 2021 posita

274 2047 372 2136 Quae
399 2045 498 2111 illaec
523 2069 578 2111 res
604 2044 687 2109 est?
712 2045 796 2138 quid
820 2045 1054 2111 illiclzomines
1081 2056 1231 2137 quaeruut

762 2161 855 2254 apud
879 2162 975 2241 aedis
1003 2162 1125 2227 meas?

269 2278 362 2370 Quid
387 2278 528 2343 volunt?
554 2277 637 2368 quid
659 2279 935 2369 introspectent?

163 2396 246 2461 haec
271 2396 459 2486 igiturnon
496 2395 565 2459 eius
591 2396 701 2485 potius
727 2419 817 2473 esse,
853 2396 912 2487 qui
934 2397 999 2459 iam
1025 2420 1088 2487 per
1113 2383 1223 2485 aliquod

165 2533 298 2604 tempus
324 2509 458 2602 placide
483 2511 682 2588 observarit,
707 2536 806 2603 quam
831 2511 900 2576 eius
928 2535 1028 2602 quem
1055 2509 1220 2608 repentinus

161 2629 265 2694 mirae
294 2626 430 2693 alicuius
453 2627 502 2690 rei
529 2643 683 2717 aspectus
707 2623 866 2694 advertat.

263 2741 351 2824 Quid
379 2760 499 2819 autem,
527 2744 552 2806 si
579 2740 720 2833 reliquis
740 2742 893 2807 omnibus
909 2740 1029 2805 rationi
1047 2737 1218 2806 convenien-

161 2876 210 2923 ter
237 2858 422 2922 constitutis
456 2858 489 2920 in
525 2858 588 2921 hoc
618 2881 682 2922 uuo
706 2883 722 2920 a
750 2881 829 2922 vero
859 2857 1065 2920 aberraverit
1091 2856 1216 2921 Caruen-

160 2973 248 3050 rius,
282 2971 374 3063 quod
398 2971 535 3037 ulterius
559 2998 659 3064 quam
685 2998 746 3064 par
771 2990 841 3037 erat
865 2997 1065 3063 progressus
1094 2987 1216 3056 transpo-

162 3090 289 3153 sitionis
313 3089 486 3153 artificium
523 3090 620 3152 ctiam
650 3087 692 3153 ad
719 3087 808 3152 illam
836 3090 939 3179 ipsam
969 3114 1125 3164 scenam,
1158 3102 1215 3176 quat

160 3229 250 3270 rrune
278 3222 327 3269 cst
351 3206 409 3284 ΙΙΙ,
435 3205 478 3282 3,
513 3206 685 3295 pertinere
721 3204 826 3269 voluit
858 3229 920 3268 nec
946 3205 1105 3270 intactum
1130 3194 1214 3267 inilia

161 3319 293 3385 fabulae
327 3340 419 3412 parte
443 3319 580 3411 reliquit
603 3338 749 3385 veterum
775 3319 941 3385 librorum
966 3320 1057 3386 hunc
1077 3319 1213 3386 ordinent

163 3436 223 3517 IV,
250 3440 283 3514 2,
311 3437 332 3502 3
361 3436 401 3501 ad
431 3439 487 3504 93.
515 3438 573 3515 Ill,
601 3437 633 3504 3.
658 3437 717 3516 IV,
742 3439 774 3516 Q,
802 3435 848 3504 ‘24
874 3435 917 3501 ad
940 3435 1021 3501 fin?
1076 3441 1146 3521 Quo
1166 3427 1212 3522 qui·

162 3551 240 3617 dem
275 3552 358 3616 haec
390 3577 502 3616 rerum
540 3554 735 3617 continuitas
773 3552 934 3631 efficitur,
971 3571 1008 3618 ut
1035 3554 1094 3632 Ill,
1119 3556 1139 3620 ‘2
1162 3562 1212 3615 ettt·

161 3667 386 3759 Theuropide
432 3685 465 3731 ct
495 3669 663 3732 Tranione
696 3669 729 3731 iu
771 3666 916 3732 Simonis
950 3667 1056 3735 aedes
1091 3656 1212 3760 ingressis

160 3785 276 3849 tertius
303 3801 393 3848 actus
420 3785 633 3847 terminetur:
662 3785 806 3874 proximi
835 3785 929 3850 initio
957 3784 1128 3875 prodeant
1144 3773 1213 3848 Calli·

164 3898 301 3964 damatis
336 3901 440 3976 servi,
479 3924 536 3964 ero
570 3898 660 3990 apud
687 3899 947 3966 Philolachetem
975 3887 1213 3967 comissantis&

163 4039 295 4080 versum
324 4033 451 4093 cuntes,
479 4013 616 4090 deiude,
643 4032 819 4107 postquam
846 4015 973 4081 foribus
995 4017 1213 4109 pultatisuem⁰

164 4147 359 4219 aperuerat,
388 4130 599 4221 speculantes
623 4150 721 4222 atque
751 4134 999 4222 exspectantes:
1028 4133 1112 4198 haec
1135 4141 1213 4196 autem

164 4243 243 4309 dum
271 4267 422 4337 aguntur,
447 4248 481 4311 in
508 4245 609 4311 altera
636 4265 730 4336 parte
756 4272 876 4312 scenae
904 4249 1084 4315 eSimonis
1110 4245 1214 4314 aedibus

162 4359 238 4423 satis
266 4386 353 4428 ntrnc
378 4361 590 4448 perlustratis
618 4362 856 4454 Theuropidcs
885 4390 959 4430 cum
988 4370 1153 4434 Trauinne
1177 4376 1213 4424 εἱ·
