2872 4942
148 436 159 459 ,
206 367 281 442 470
432 392 517 435 νιιι..
530 390 573 432 ua
600 389 747 435 annuero
775 388 944 433 ecantavit
971 389 1094 434 unusne

305 589 366 636 ΤΗ.
395 567 506 657 Quasi
527 559 604 631 ve'ro
631 565 694 631 has
706 562 803 630 aedis
816 555 900 630 hinc
917 587 990 629 esse
1005 578 1137 655 emptas
1150 555 1278 627 niscias.

306 705 357 763 sn,
384 684 477 773 Quas
491 676 586 747 ae'dis
603 696 663 746 aut
683 704 705 743 a
726 704 792 774 quo
808 675 938 772 ineptas
955 678 1054 754 dicis,
1080 695 1116 745 te
1129 675 1279 743 ebsecro?

305 760 369 868 ff}
398 799 492 889 Quas
519 792 704 864 vendidisti
726 794 838 887 gnu'to
863 788 1058 864 Philolachi
1084 816 1171 861 meo.

242 934 259 986 5
308 935 356 984 s1.
381 914 504 1004 Egone
530 907 568 979 tit
595 911 827 978 vendiderim?
859 911 942 1003 quid
972 935 1099 1003 quaeso
1134 913 1173 976 in
1201 933 1280 974 mert-

695 1022 795 1094 te'mst
821 1025 908 1094 tibi?

302 1166 363 1215 ΤΗ.
389 1141 565 1211 Frustrci's
591 1167 684 1209 rtunc
707 1140 964 1209 dissimuleindo.
1003 1146 1096 1222 scio,
1122 1146 1191 1208 iam
1212 1132 1280 1232 pae'-

700 1262 789 1325 nitet

304 1376 340 1443 Τ
335 1400 354 1441 e
380 1374 443 1440 iias
469 1371 679 1442 vindidissez
707 1370 819 1441 verum
844 1374 883 1442 id
906 1373 1063 1468 equidem
1079 1368 1154 1440 ncin
1173 1392 1280 1436 moror.

303 1516 349 1561 st.
375 1490 479 1558 Satin
501 1491 641 1558 sdnu's?
668 1515 716 1556 an
741 1516 793 1556 me
819 1485 998 1583 lu'distcare
1016 1485 1198 1584 ptistuiasi

197 1586 233 1671 3
303 1633 368 1680 ΤΗ.
389 1584 552 1677 Etidmne
575 1606 751 1675 intendis?
778 1602 867 1672 se'rio
880 1610 1024 1694 factum
1048 1602 1116 1674 Ιιὸο
1138 1605 1260 1698 negas?

227 1751 261 1803 ιο
310 1752 358 1800 st.
383 1729 484 1816 Nego
509 1719 621 1789 hircie
648 1747 726 1791 vero
743 1721 888 1810 fa'ctum
907 1739 1010 1813 atque
1025 1721 1114 1788 adeo
1130 1717 1280 1815 pirnego.

310 1846 404 1936 Quin
430 1834 665 1908 irisitnandum
691 1834 755 1905 tibi
778 1863 831 1904 me
853 1834 1020 1930 polliceris·
1045 1837 1186 1922 dare,*)

150 1982 212 2075 '2
305 1962 388 2030 Non
414 1951 537 2024 miliia
563 1961 684 2048 negoti
704 1949 881 2049 quicquam
898 1959 1018 2043 fnisse
1044 1949 1121 2020 etim
1147 1972 1213 2022 tuo.

214 2036 238 2101 ι
304 2097 364 2145 ra.
395 2075 464 2165 Qui
487 2067 581 2138 nrinc
607 2073 741 2162 negas?
767 2095 827 2136 cur
850 2065 925 2137 ntin
951 2068 1107 2161 negabas
1119 2067 1279 2143 cintidizac,

309 2192 420 2313 Qum
447 2183 616 2281 inspicere
639 2187 701 2253 itas
730 2211 782 2252 me
807 2181 945 2253 iube'bas
968 2210 1061 2252 meas
1078 2220 1124 2236 ·-
1141 2209 1190 2255 st.
1214 2198 1279 2250 tan-

330 2292 340 2305 ..
701 2301 803 2396 qusint
829 2319 915 2368 tuus.
931 2301 980 2388 **)

20 2534 36 2569 ‘⁴
1034 2550 1071 2631 ’ἱ

264 2657 290 2722 ')
310 2653 349 2706 Oi.
371 2654 404 2718 V,
427 2655 451 2717 l,
469 2653 520 2706 36:
556 2655 625 2718 Qata
647 2653 828 2705 iusiurandum
846 2653 987 2723 pollicitust
1006 2656 1070 2708 dire
1089 2673 1137 2721 se,
1163 2653 1278 2712 sienim

316 2750 380 2800 milii
398 2757 424 2801 et
441 2765 508 2817 quae
527 2758 670 2818 sequuntur
691 2758 781 2816 aperte
800 2758 826 2801 et
843 2750 966 2802 lacunosa
985 2760 1011 2803 et
1031 2752 1089 2803 aliis
1108 2753 1190 2812 modis
1208 2762 1278 2802 cout-

316 2853 360 2912 pta
381 2846 625 2913 atqueperturbata.
661 2845 710 2896 lllu
722 2861 799 2896 versu
821 2861 909 2912 parum
930 2847 1095 2915 elegantibus
1109 2836 1221 2921 unumst
1233 2840 1278 2895 utl-
1318 2892 1320 2901 Α

316 2956 367 3007 go:
385 2941 517 3009 pollicitae
538 2946 575 2993 e'st
589 2942 669 3005 dare,
688 2946 712 2992 st
730 2941 834 3004 vellens,
851 2943 922 2994 miti.
965 2943 1090 2995 Rasuram
1110 2927 1248 3016 interdura
1261 2941 1279 2986 tl

319 3039 342 3088 si
360 3036 437 3087 habet
455 3038 553 3102 Vetus,
576 3037 673 3104 liquido
692 3044 777 3088 autem
796 3039 918 3105 scriptum
936 3039 1000 3090 dare
1016 3041 1040 3091 si
1054 3041 1078 3091 si
1096 3039 1187 3091 vellem
1203 3039 1279 3090 uscu-

318 3139 394 3183 tatus.
432 3162 465 3173 -
505 3132 624 3184 Ceterum
654 3132 849 3201 haudquaquam
877 3150 986 3186 neccsse
1004 3143 1059 3199 est,
1086 3150 1155 3202 quae
1182 3134 1279 3193 deinceps

320 3228 496 3294 'iheuropides
513 3228 556 3279 vel
574 3245 603 3280 se
622 3230 720 3282 Simoni
738 3228 781 3281 vel
801 3229 869 3280 hunc
886 3230 936 3281 sihi
954 3230 1051 3282 dixisse
1068 3238 1157 3285 narrat
1173 3222 1278 3283 iuuari,

321 3339 352 3374 ea
373 3325 458 3374 omnia
476 3325 502 3375 in
523 3326 657 3390 superiore
677 3341 755 3376 scena
774 3341 866 3377 revera
880 3325 966 3377 locum
981 3326 1127 3378 habuerint.
1155 3326 1220 3379 Fieri
1234 3332 1279 3374 stat

320 3414 414 3487 potuit,
432 3426 460 3470 ut
478 3421 504 3469 in
527 3421 566 3471 ius
586 3436 614 3470 se
633 3422 763 3472 Simonem
783 3428 933 3472 vocaturum
950 3421 1126 3488 Theuropides
1145 3435 1231 3488 reapse
1244 3413 1278 3466 tli-

322 3522 433 3565 naretur.
471 3515 545 3578 Quod
557 3518 660 3584 quidem
680 3518 727 3567 etsi
741 3516 932 3584 nullanegotia
951 3525 1118 3584 potueramus
1136 3517 1279 3568 nostrisver·

323 3608 412 3660 siculis
431 3609 580 3673 includere,
600 3619 685 3663 tamen
704 3613 908 3678 praetermittere
926 3612 1080 3676 maluimus,
1102 3614 1163 3680 quia
1179 3610 1232 3663 tells
1244 3602 1279 3656 ml·

323 3705 435 3755 nationis
454 3704 630 3772 Theuropides
648 3708 675 3756 ln
696 3708 727 3770 V,
747 3709 759 3757 1
789 3709 884 3759 iccirco
904 3716 1001 3759 tantum
1022 3709 1179 3759 mentionem
1196 3703 1278 3757 iniisse

322 3781 395 3850 visus
414 3808 461 3865 est,
482 3809 509 3851 ut
530 3803 664 3853 transitum
683 3803 732 3854 sibi
750 3810 854 3869 pararet
873 3803 906 3854 ad
924 3819 970 3855 eos
990 3819 1082 3855 servos
1100 3807 1277 3855 commentitii·

324 3897 371 3945 dos
392 3898 436 3962 qui
455 3912 515 3947 mox
532 3897 656 3963 prodituri
677 3907 781 3950 essent:
803 3914 941 3967 quoscum
961 3915 977 3950 a
997 3899 1102 3952 Simone
1121 3901 1223 3967 petisset
1235 3890 1275 3940 viu·

327 3992 411 4042 ciendi
430 3993 607 4062 medendique
625 3995 758 4046 Tranionis
777 4011 869 4045 caussa
887 3995 940 4062 (IV,
960 3996 987 4059 3,
995 3993 1051 4066 tt),
1069 3995 1101 4046 ab
1122 3995 1171 4046 hoc
1187 3993 1275 4056 aliquu-

324 4089 405 4155 tisper
423 4089 491 4139 credi
511 4090 567 4141 vult
588 4093 731 4158 quaestioni
751 4093 822 4142 datos
842 4108 901 4143 csse
922 4108 937 4142 a
956 4093 1061 4144 Simone
1087 4094 1132 4161 (V,
1153 4095 1175 4155 1,
1191 4077 1273 4147 38⁵lll

324 4185 361 4233 Eu
380 4194 464 4236 auteur
484 4202 646 4252 progressam
667 4204 725 4237 esse
744 4203 833 4238 senum
852 4188 1045 4241 altercationem
1063 4187 1152 4252 illam,
1172 4199 1222 4255 pers
1236 4175 1272 4226 eius

329 4289 460 4346 superstes
480 4292 565 4332 nostro
582 4299 659 4335 sensu
678 4283 753 4335 fidem
773 4298 825 4333 non
848 4283 917 4334 iacit.
994 4308 995 4313 =

266 4393 305 4462 ⁸⁸)
325 4391 359 4443 ct
383 4394 428 4458 ιιι,
448 4397 475 4457 ι,
498 4397 555 4446 ιιι.
