<?xml version="1.0" encoding="UTF-8"?>
<!DOCTYPE html PUBLIC "-//W3C//DTD XHTML 1.0 Transitional//EN"
    "http://www.w3.org/TR/xhtml1/DTD/xhtml1-transitional.dtd">
<html xmlns="http://www.w3.org/1999/xhtml" xml:lang="en" lang="en">
 <head>
  <title>
</title>
<meta http-equiv="Content-Type" content="text/html;charset=utf-8" />
  <meta name='ocr-system' content='tesseract 3.04.00' />
  <meta name='ocr-capabilities' content='ocr_page ocr_carea ocr_par ocr_line ocrx_word'/>
</head>
<body>
  <div class='ocr_page' id='page_1' title='image "./parergonplautin00ritsgoog_0446.png"; bbox 0 0 2872 4942; ppageno 0'>
   <div class='ocr_carea' id='block_1_1' title="bbox 162 401 839 474">
    <p class='ocr_par' dir='ltr' id='par_1_1' title="bbox 162 401 839 474">
     <span class='ocr_line' id='line_1_1' title="bbox 162 401 839 474; baseline -0.003 -1"><span class='ocrx_word' id='word_1_1' title='bbox 162 401 235 474; x_wconf 73' lang='grc'><strong>406</strong></span> <span class='ocrx_word' id='word_1_2' title='bbox 578 428 632 469; x_wconf 86' lang='lat' dir='ltr'><strong>vu.</strong></span> <span class='ocrx_word' id='word_1_3' title='bbox 659 430 699 471; x_wconf 80' lang='lat' dir='ltr'><strong>nr</strong></span> <span class='ocrx_word' id='word_1_4' title='bbox 725 427 839 473; x_wconf 73' lang='lat' dir='ltr'><strong>reteri</strong></span> 
     </span>
    </p>
   </div>
   <div class='ocr_carea' id='block_1_2' title="bbox 68 598 1278 3933">
    <p class='ocr_par' dir='ltr' id='par_1_2' title="bbox 103 598 1252 2311">
     <span class='ocr_line' id='line_1_2' title="bbox 163 598 1237 694; baseline 0.003 -29"><span class='ocrx_word' id='word_1_5' title='bbox 163 599 231 665; x_wconf 91' lang='lat' dir='ltr'><strong>Vbi</strong></span> <span class='ocrx_word' id='word_1_6' title='bbox 255 598 504 692; x_wconf 75' lang='lat' dir='ltr'><strong>quadrigentos</strong></span> <span class='ocrx_word' id='word_1_7' title='bbox 528 602 649 694; x_wconf 79' lang='lat' dir='ltr'>scripsi</span> <span class='ocrx_word' id='word_1_8' title='bbox 676 627 749 667; x_wconf 90' lang='lat' dir='ltr'><strong>cum</strong></span> <span class='ocrx_word' id='word_1_9' title='bbox 767 603 805 669; x_wconf 88' lang='lat' dir='ltr'><strong>C.</strong></span> <span class='ocrx_word' id='word_1_10' title='bbox 822 606 858 669; x_wconf 91' lang='lat' dir='ltr'><strong>L.</strong></span> <span class='ocrx_word' id='word_1_11' title='bbox 879 600 1090 668; x_wconf 86' lang='lat' dir='ltr'><strong>Schneidcro</strong></span> <span class='ocrx_word' id='word_1_12' title='bbox 1104 601 1237 668; x_wconf 85' lang='lat' dir='ltr'><strong>Gramm.</strong></span> 
     </span>
     <span class='ocr_line' id='line_1_3' title="bbox 161 710 1239 811; baseline 0.009 -34"><span class='ocrx_word' id='word_1_13' title='bbox 161 710 217 783; x_wconf 89' lang='lat' dir='ltr'><strong>lat.</strong></span> <span class='ocrx_word' id='word_1_14' title='bbox 247 711 344 779; x_wconf 89' lang='lat' dir='ltr'><strong>clem.</strong></span> <span class='ocrx_word' id='word_1_15' title='bbox 376 716 408 796; x_wconf 89' lang='lat' dir='ltr'><strong>l,</strong></span> <span class='ocrx_word' id='word_1_16' title='bbox 435 741 468 808; x_wconf 93' lang='lat' dir='ltr'><strong>p.</strong></span> <span class='ocrx_word' id='word_1_17' title='bbox 495 718 565 786; x_wconf 84' lang='lat'><strong>735</strong></span> <span class='ocrx_word' id='word_1_18' title='bbox 591 719 763 811; x_wconf 81' lang='lat' dir='ltr'><strong>Reiziique</strong></span> <span class='ocrx_word' id='word_1_19' title='bbox 790 716 985 809; x_wconf 85' lang='lat' dir='ltr'><strong>exemplo</strong></span> <span class='ocrx_word' id='word_1_20' title='bbox 974 742 1010 783; x_wconf 84' lang='grc' dir='ltr'><strong>ιιι</strong></span> <span class='ocrx_word' id='word_1_21' title='bbox 1044 717 1133 785; x_wconf 87' lang='lat' dir='ltr'><strong>Rud.</strong></span> <span class='ocrx_word' id='word_1_22' title='bbox 1158 720 1206 798; x_wconf 95' lang='lat' dir='ltr'><strong>V,</strong></span> <span class='ocrx_word' id='word_1_23' title='bbox 1223 720 1239 787; x_wconf 80' lang='lat'><strong>3</strong></span> 
     </span>
     <span class='ocr_line' id='line_1_4' title="bbox 103 825 1244 943; baseline 0 -45"><span class='ocrx_word' id='word_1_24' title='bbox 103 831 106 838; x_wconf 82' lang='grc'><strong>’</strong></span> <span class='ocrx_word' id='word_1_25' title='bbox 164 825 236 914; x_wconf 91' lang='lat'><strong>(⁰)</strong></span> <span class='ocrx_word' id='word_1_26' title='bbox 260 833 315 898; x_wconf 82' lang='lat'><strong>37.</strong></span> <span class='ocrx_word' id='word_1_27' title='bbox 365 832 485 899; x_wconf 85' lang='lat' dir='ltr'><strong>Levius</strong></span> <span class='ocrx_word' id='word_1_28' title='bbox 521 850 595 913; x_wconf 85' lang='lat' dir='ltr'><strong>est,</strong></span> <span class='ocrx_word' id='word_1_29' title='bbox 596 833 699 943; x_wconf 65' lang='lat' dir='ltr'><strong>quod</strong></span> <span class='ocrx_word' id='word_1_30' title='bbox 725 834 845 900; x_wconf 86' lang='lat' dir='ltr'><strong>Bacch.</strong></span> <span class='ocrx_word' id='word_1_31' title='bbox 873 834 939 915; x_wconf 86' lang='lat' dir='ltr'><strong>IV,</strong></span> <span class='ocrx_word' id='word_1_32' title='bbox 961 833 1001 915; x_wconf 89' lang='lat'><strong>9,</strong></span> <span class='ocrx_word' id='word_1_33' title='bbox 1030 836 1079 903; x_wconf 86' lang='lat' dir='ltr'><strong>to</strong></span> <span class='ocrx_word' id='word_1_34' title='bbox 1103 832 1244 927; x_wconf 82' lang='lat' dir='ltr'><strong>quadru-</strong></span> 
     </span>
     <span class='ocr_line' id='line_1_5' title="bbox 164 946 1246 1043; baseline 0.007 -36"><span class='ocrx_word' id='word_1_35' title='bbox 164 948 280 1035; x_wconf 80' lang='lat' dir='ltr'><strong>gentis</strong></span> <span class='ocrx_word' id='word_1_36' title='bbox 323 961 444 1011; x_wconf 82' lang='lat' dir='ltr'><strong>tenent</strong></span> <span class='ocrx_word' id='word_1_37' title='bbox 485 946 572 1013; x_wconf 90' lang='lat' dir='ltr'><strong>altor</strong></span> <span class='ocrx_word' id='word_1_38' title='bbox 604 947 770 1014; x_wconf 85' lang='lat' dir='ltr'><strong>Palatinus</strong></span> <span class='ocrx_word' id='word_1_39' title='bbox 807 968 840 1014; x_wconf 86' lang='lat' dir='ltr'><strong>ct</strong></span> <span class='ocrx_word' id='word_1_40' title='bbox 872 949 1076 1040; x_wconf 82' lang='lat' dir='ltr'><strong>Lipsiensis;</strong></span> <span class='ocrx_word' id='word_1_41' title='bbox 1116 952 1246 1043; x_wconf 83' lang='lat' dir='ltr'><strong>gravius,</strong></span> 
     </span>
     <span class='ocr_line' id='line_1_6' title="bbox 162 1058 1246 1157; baseline 0.008 -34"><span class='ocrx_word' id='word_1_42' title='bbox 162 1058 253 1151; x_wconf 89' lang='lat' dir='ltr'><strong>quod</strong></span> <span class='ocrx_word' id='word_1_43' title='bbox 278 1061 319 1138; x_wconf 89' lang='lat' dir='ltr'><strong>V,</strong></span> <span class='ocrx_word' id='word_1_44' title='bbox 345 1067 378 1142; x_wconf 94' lang='lat'><strong>⁰,</strong></span> <span class='ocrx_word' id='word_1_45' title='bbox 404 1059 485 1129; x_wconf 81' lang='grc'><strong>64</strong></span> <span class='ocrx_word' id='word_1_46' title='bbox 476 1088 509 1127; x_wconf 87' lang='grc' dir='ltr'><strong>ιιι</strong></span> <span class='ocrx_word' id='word_1_47' title='bbox 535 1062 632 1129; x_wconf 91' lang='lat' dir='ltr'><strong>illo</strong></span> <span class='ocrx_word' id='word_1_48' title='bbox 621 1088 693 1155; x_wconf 77' lang='lat' dir='ltr'><strong>ipsa</strong></span> <span class='ocrx_word' id='word_1_49' title='bbox 719 1063 960 1157; x_wconf 77' lang='lat' dir='ltr'><strong>quadrigentis</strong></span> <span class='ocrx_word' id='word_1_50' title='bbox 994 1063 1102 1130; x_wconf 87' lang='lat' dir='ltr'><strong>forma</strong></span> <span class='ocrx_word' id='word_1_51' title='bbox 1129 1083 1246 1132; x_wconf 84' lang='lat' dir='ltr'><strong>servata</strong></span> 
     </span>
     <span class='ocr_line' id='line_1_7' title="bbox 165 1176 1249 1272; baseline 0.004 -31"><span class='ocrx_word' id='word_1_52' title='bbox 165 1193 225 1242; x_wconf 85' lang='lat' dir='ltr'><strong>est.</strong></span> <span class='ocrx_word' id='word_1_53' title='bbox 264 1176 436 1269; x_wconf 82' lang='lat' dir='ltr'><strong>equidem,</strong></span> <span class='ocrx_word' id='word_1_54' title='bbox 467 1203 534 1244; x_wconf 90' lang='lat' dir='ltr'><strong>non</strong></span> <span class='ocrx_word' id='word_1_55' title='bbox 560 1178 718 1272; x_wconf 77' lang='lat' dir='ltr'><strong>quidem,</strong></span> <span class='ocrx_word' id='word_1_56' title='bbox 741 1181 952 1248; x_wconf 86' lang='lat' dir='ltr'><strong>consentiens</strong></span> <span class='ocrx_word' id='word_1_57' title='bbox 978 1178 1148 1247; x_wconf 86' lang='lat' dir='ltr'><strong>librorum</strong></span> <span class='ocrx_word' id='word_1_58' title='bbox 1177 1182 1249 1248; x_wconf 86' lang='lat' dir='ltr'><strong>scri-</strong></span> 
     </span>
     <span class='ocr_line' id='line_1_8' title="bbox 162 1293 1248 1390; baseline 0.004 -34"><span class='ocrx_word' id='word_1_59' title='bbox 162 1308 260 1382; x_wconf 86' lang='lat' dir='ltr'><strong>ptura</strong></span> <span class='ocrx_word' id='word_1_60' title='bbox 293 1310 352 1362; x_wconf 85' lang='lat' dir='ltr'><strong>est.</strong></span> <span class='ocrx_word' id='word_1_61' title='bbox 402 1293 540 1360; x_wconf 89' lang='lat' dir='ltr'><strong>Maioris</strong></span> <span class='ocrx_word' id='word_1_62' title='bbox 573 1312 682 1360; x_wconf 86' lang='lat' dir='ltr'><strong>autem</strong></span> <span class='ocrx_word' id='word_1_63' title='bbox 713 1298 872 1362; x_wconf 85' lang='lat' dir='ltr'>momenti</span> <span class='ocrx_word' id='word_1_64' title='bbox 900 1293 986 1371; x_wconf 88' lang='lat' dir='ltr'><strong>illud</strong></span> <span class='ocrx_word' id='word_1_65' title='bbox 1011 1313 1081 1376; x_wconf 89' lang='lat' dir='ltr'><strong>est,</strong></span> <span class='ocrx_word' id='word_1_66' title='bbox 1116 1295 1208 1390; x_wconf 87' lang='lat' dir='ltr'><strong>quod</strong></span> <span class='ocrx_word' id='word_1_67' title='bbox 1234 1321 1248 1360; x_wconf 88' lang='lat' dir='ltr'><strong>e</strong></span> 
     </span>
     <span class='ocr_line' id='line_1_9' title="bbox 160 1405 1248 1504; baseline 0.005 -31"><span class='ocrx_word' id='word_1_68' title='bbox 160 1405 361 1473; x_wconf 87' lang='lat' dir='ltr'><strong>Menandria</strong></span> <span class='ocrx_word' id='word_1_69' title='bbox 383 1405 493 1474; x_wconf 89' lang='lat' dir='ltr'><strong>sabula</strong></span> <span class='ocrx_word' id='word_1_70' title='bbox 521 1409 683 1501; x_wconf 82' lang='lat' dir='ltr'><strong>quaedam</strong></span> <span class='ocrx_word' id='word_1_71' title='bbox 704 1429 832 1477; x_wconf 76' lang='lat' dir='ltr'><strong>servan</strong></span> <span class='ocrx_word' id='word_1_72' title='bbox 853 1429 938 1490; x_wconf 90' lang='lat' dir='ltr'><strong>sunt,</strong></span> <span class='ocrx_word' id='word_1_73' title='bbox 967 1437 1053 1504; x_wconf 88' lang='lat' dir='ltr'><strong>quac</strong></span> <span class='ocrx_word' id='word_1_74' title='bbox 1069 1430 1248 1479; x_wconf 83' lang='lat' dir='ltr'><strong>monstrare</strong></span> 
     </span>
     <span class='ocr_line' id='line_1_10' title="bbox 160 1514 1251 1620; baseline 0.006 -34"><span class='ocrx_word' id='word_1_75' title='bbox 160 1524 314 1615; x_wconf 79' lang='lat' dir='ltr'><strong>possein</strong></span> <span class='ocrx_word' id='word_1_76' title='bbox 340 1521 561 1589; x_wconf 83' lang='lat' dir='ltr'><strong>Bacchidibus</strong></span> <span class='ocrx_word' id='word_1_77' title='bbox 585 1525 728 1591; x_wconf 76' lang='lat' dir='ltr'><strong>videare.</strong></span> <span class='ocrx_word' id='word_1_78' title='bbox 773 1529 857 1593; x_wconf 90' lang='lat' dir='ltr'><strong>Nam</strong></span> <span class='ocrx_word' id='word_1_79' title='bbox 883 1528 941 1619; x_wconf 86' lang='lat' dir='ltr'><strong>qui</strong></span> <span class='ocrx_word' id='word_1_80' title='bbox 968 1551 986 1591; x_wconf 90' lang='lat' dir='ltr'><strong>a</strong></span> <span class='ocrx_word' id='word_1_81' title='bbox 1014 1514 1251 1620; x_wconf 77' lang='lat' dir='ltr'><strong>compluribus,</strong></span> 
     </span>
     <span class='ocr_line' id='line_1_11' title="bbox 162 1635 1252 1736; baseline 0.006 -34"><span class='ocrx_word' id='word_1_82' title='bbox 162 1662 246 1728; x_wconf 88' lang='lat' dir='ltr'><strong>quos</strong></span> <span class='ocrx_word' id='word_1_83' title='bbox 272 1637 377 1702; x_wconf 87' lang='lat' dir='ltr'><strong>habes</strong></span> <span class='ocrx_word' id='word_1_84' title='bbox 404 1635 494 1729; x_wconf 91' lang='lat' dir='ltr'><strong>apud</strong></span> <span class='ocrx_word' id='word_1_85' title='bbox 519 1639 725 1706; x_wconf 81' lang='lat' dir='ltr'><strong>Meinekium</strong></span> <span class='ocrx_word' id='word_1_86' title='bbox 761 1666 795 1729; x_wconf 87' lang='lat' dir='ltr'><strong>p.</strong></span> <span class='ocrx_word' id='word_1_87' title='bbox 823 1641 887 1723; x_wconf 74' lang='grc'><strong>18,</strong></span> <span class='ocrx_word' id='word_1_88' title='bbox 914 1644 1142 1736; x_wconf 79' lang='lat' dir='ltr'><strong>scriptoribus</strong></span> <span class='ocrx_word' id='word_1_89' title='bbox 1169 1643 1252 1710; x_wconf 82' lang='lat' dir='ltr'><strong>affer-</strong></span> 
     </span>
     <span class='ocr_line' id='line_1_12' title="bbox 164 1744 1251 1836; baseline 0.006 -20"><span class='ocrx_word' id='word_1_90' title='bbox 164 1769 227 1832; x_wconf 86' lang='lat' dir='ltr'><strong>tur,</strong></span> <span class='ocrx_word' id='word_1_91' title='bbox 254 1750 296 1816; x_wconf 83' lang='lat' dir='ltr'><strong>ad</strong></span> <span class='ocrx_word' id='word_1_92' title='bbox 318 1744 384 1827; x_wconf 84' lang='grc' dir='ltr'><strong>Δὶς</strong></span> <span class='ocrx_word' id='word_1_93' title='bbox 408 1744 651 1832; x_wconf 78' lang='grc' dir='ltr'><strong><em>ἐξαπατῶντα</em></strong></span> <span class='ocrx_word' id='word_1_94' title='bbox 676 1773 785 1820; x_wconf 88' lang='lat' dir='ltr'><strong>autem</strong></span> <span class='ocrx_word' id='word_1_95' title='bbox 812 1782 829 1820; x_wconf 89' lang='lat' dir='ltr'><strong>a</strong></span> <span class='ocrx_word' id='word_1_96' title='bbox 856 1755 1003 1824; x_wconf 87' lang='lat' dir='ltr'><strong>Stobaeo</strong></span> <span class='ocrx_word' id='word_1_97' title='bbox 1027 1757 1143 1825; x_wconf 88' lang='lat' dir='ltr'><strong>Serm.</strong></span> <span class='ocrx_word' id='word_1_98' title='bbox 1159 1758 1251 1836; x_wconf 84' lang='lat' dir='ltr'><strong>CXX,</strong></span> 
     </span>
     <span class='ocr_line' id='line_1_13' title="bbox 166 1852 1247 1965; baseline 0.005 -30"><span class='ocrx_word' id='word_1_99' title='bbox 166 1868 198 1935; x_wconf 83' lang='grc'><strong>8.</strong></span> <span class='ocrx_word' id='word_1_100' title='bbox 225 1893 257 1959; x_wconf 92' lang='lat' dir='ltr'><strong>p.</strong></span> <span class='ocrx_word' id='word_1_101' title='bbox 284 1864 357 1935; x_wconf 71' lang='lat'><strong>460</strong></span> <span class='ocrx_word' id='word_1_102' title='bbox 384 1866 485 1933; x_wconf 84' lang='lat' dir='ltr'><strong>Gaisi.</strong></span> <span class='ocrx_word' id='word_1_103' title='bbox 512 1869 657 1936; x_wconf 80' lang='lat' dir='ltr'><strong>refertur</strong></span> <span class='ocrx_word' id='word_1_104' title='bbox 682 1869 863 1936; x_wconf 84' lang='lat' dir='ltr'><strong>Menandri</strong></span> <span class='ocrx_word' id='word_1_105' title='bbox 891 1896 1023 1965; x_wconf 84' lang='lat' dir='ltr'><strong>versus:</strong></span> <span class='ocrx_word' id='word_1_106' title='bbox 1244 1852 1247 1861; x_wconf 32' lang='grc' dir='ltr'>Ι</span> 
     </span>
     <span class='ocr_line' id='line_1_14' title="bbox 313 1972 1113 2077; baseline 0.006 -28"><span class='ocrx_word' id='word_1_107' title='bbox 313 1972 354 2050; x_wconf 84' lang='grc' dir='ltr'><strong>ὃν</strong></span> <span class='ocrx_word' id='word_1_108' title='bbox 380 1981 416 2048; x_wconf 83' lang='grc' dir='ltr'><strong>οἱ</strong></span> <span class='ocrx_word' id='word_1_109' title='bbox 443 1980 524 2049; x_wconf 64' lang='grc' dir='ltr'><strong>θεοὶ</strong></span> <span class='ocrx_word' id='word_1_110' title='bbox 551 1983 737 2077; x_wconf 81' lang='grc' dir='ltr'><em>φιλοῦσιν,</em></span> <span class='ocrx_word' id='word_1_111' title='bbox 764 1983 989 2065; x_wconf 60' lang='grc' dir='ltr'>ἀποθνήσκει</span> <span class='ocrx_word' id='word_1_112' title='bbox 1015 1984 1113 2071; x_wconf 78' lang='grc' dir='ltr'><strong><em>νέος,</em></strong></span> 
     </span>
     <span class='ocr_line' id='line_1_15' title="bbox 169 2099 1248 2194; baseline 0.007 -30"><span class='ocrx_word' id='word_1_113' title='bbox 169 2125 244 2165; x_wconf 89' lang='lat' dir='ltr'><strong>cum</strong></span> <span class='ocrx_word' id='word_1_114' title='bbox 270 2101 304 2168; x_wconf 90' lang='lat' dir='ltr'><strong>in</strong></span> <span class='ocrx_word' id='word_1_115' title='bbox 328 2099 484 2168; x_wconf 83' lang='lat' dir='ltr'><strong>Bocchid.</strong></span> <span class='ocrx_word' id='word_1_116' title='bbox 511 2101 575 2181; x_wconf 93' lang='lat' dir='ltr'><strong>IV,</strong></span> <span class='ocrx_word' id='word_1_117' title='bbox 603 2107 645 2183; x_wconf 89' lang='lat'><strong>7,</strong></span> <span class='ocrx_word' id='word_1_118' title='bbox 680 2103 724 2172; x_wconf 88' lang='grc'><strong>18</strong></span> <span class='ocrx_word' id='word_1_119' title='bbox 752 2104 943 2194; x_wconf 86' lang='lat' dir='ltr'><strong>reperimus</strong></span> <span class='ocrx_word' id='word_1_120' title='bbox 969 2104 1018 2171; x_wconf 88' lang='lat' dir='ltr'><strong>sic</strong></span> <span class='ocrx_word' id='word_1_121' title='bbox 1043 2130 1248 2175; x_wconf 86' lang='lat' dir='ltr'><strong>conversum:</strong></span> 
     </span>
     <span class='ocr_line' id='line_1_16' title="bbox 677 2217 1025 2311; baseline 0.006 -29"><span class='ocrx_word' id='word_1_122' title='bbox 677 2242 774 2311; x_wconf 82' lang='lat' dir='ltr'><strong>qrtem</strong></span> <span class='ocrx_word' id='word_1_123' title='bbox 799 2217 838 2282; x_wconf 83' lang='lat' dir='ltr'><strong>di</strong></span> <span class='ocrx_word' id='word_1_124' title='bbox 861 2217 1025 2309; x_wconf 80' lang='lat' dir='ltr'><strong>diligunt,</strong></span> 
     </span>
    </p>

    <p class='ocr_par' dir='ltr' id='par_1_3' title="bbox 165 2329 1246 2658">
     <span class='ocr_line' id='line_1_17' title="bbox 264 2329 1246 2429; baseline 0.002 -29"><span class='ocrx_word' id='word_1_125' title='bbox 264 2329 476 2400; x_wconf 82' lang='lat' dir='ltr'><strong>Adulescens</strong></span> <span class='ocrx_word' id='word_1_126' title='bbox 502 2340 658 2409; x_wconf 81' lang='lat' dir='ltr'><strong>moritur,</strong></span> <span class='ocrx_word' id='word_1_127' title='bbox 686 2368 731 2381; x_wconf 92' lang='lat'><em>-</em></span> <span class='ocrx_word' id='word_1_128' title='bbox 759 2332 857 2417; x_wconf 90' lang='lat' dir='ltr'><strong>(dum</strong></span> <span class='ocrx_word' id='word_1_129' title='bbox 884 2335 986 2411; x_wconf 82' lang='lat' dir='ltr'><strong>valet,</strong></span> <span class='ocrx_word' id='word_1_130' title='bbox 1007 2340 1127 2417; x_wconf 84' lang='lat' dir='ltr'><strong>sentit,</strong></span> <span class='ocrx_word' id='word_1_131' title='bbox 1145 2333 1246 2429; x_wconf 73' lang='lat' dir='ltr'><strong>sepit)</strong></span> 
     </span>
     <span class='ocr_line' id='line_1_18' title="bbox 165 2449 1246 2551; baseline -0.001 -31"><span class='ocrx_word' id='word_1_132' title='bbox 165 2452 271 2520; x_wconf 83' lang='lat' dir='ltr'><strong>Recte</strong></span> <span class='ocrx_word' id='word_1_133' title='bbox 299 2452 386 2517; x_wconf 91' lang='lat' dir='ltr'><strong>cuim</strong></span> <span class='ocrx_word' id='word_1_134' title='bbox 412 2452 455 2516; x_wconf 87' lang='lat' dir='ltr'><strong>ita</strong></span> <span class='ocrx_word' id='word_1_135' title='bbox 479 2451 719 2542; x_wconf 85' lang='lat' dir='ltr'><strong>transposuisse</strong></span> <span class='ocrx_word' id='word_1_136' title='bbox 747 2449 909 2544; x_wconf 70' lang='lat' dir='ltr'><strong>Ppladem</strong></span> <span class='ocrx_word' id='word_1_137' title='bbox 931 2451 1088 2533; x_wconf 76' lang='lat' dir='ltr'><strong>arbitror,</strong></span> <span class='ocrx_word' id='word_1_138' title='bbox 1115 2450 1246 2551; x_wconf 66' lang='lat' dir='ltr'><strong>quteiu</strong></span> 
     </span>
     <span class='ocr_line' id='line_1_19' title="bbox 170 2566 1243 2658; baseline -0.002 -23"><span class='ocrx_word' id='word_1_139' title='bbox 170 2567 269 2635; x_wconf 89' lang='lat' dir='ltr'><strong>codd.</strong></span> <span class='ocrx_word' id='word_1_140' title='bbox 293 2587 325 2633; x_wconf 88' lang='lat' dir='ltr'><strong>et</strong></span> <span class='ocrx_word' id='word_1_141' title='bbox 350 2586 411 2634; x_wconf 81' lang='lat' dir='ltr'><strong>vet.</strong></span> <span class='ocrx_word' id='word_1_142' title='bbox 439 2566 519 2633; x_wconf 86' lang='lat' dir='ltr'><strong>cdd.</strong></span> <span class='ocrx_word' id='word_1_143' title='bbox 547 2569 738 2634; x_wconf 90' lang='lat' dir='ltr'><strong>scribuntur</strong></span> <span class='ocrx_word' id='word_1_144' title='bbox 763 2592 861 2658; x_wconf 85' lang='lat' dir='ltr'><strong>quem</strong></span> <span class='ocrx_word' id='word_1_145' title='bbox 883 2566 1035 2658; x_wconf 78' lang='lat' dir='ltr'><strong>diligunt</strong></span> <span class='ocrx_word' id='word_1_146' title='bbox 1061 2567 1103 2634; x_wconf 83' lang='lat' dir='ltr'><strong>di</strong></span> <span class='ocrx_word' id='word_1_147' title='bbox 1125 2568 1177 2637; x_wconf 84' lang='lat' dir='ltr'><strong>vel</strong></span> <span class='ocrx_word' id='word_1_148' title='bbox 1198 2566 1243 2633; x_wconf 78' lang='lat' dir='ltr'><strong>dii</strong></span> 
     </span>
    </p>

    <p class='ocr_par' dir='ltr' id='par_1_4' title="bbox 68 2681 1278 3933">
     <span class='ocr_line' id='line_1_20' title="bbox 268 2681 1241 2775; baseline -0.001 -28"><span class='ocrx_word' id='word_1_149' title='bbox 268 2682 414 2749; x_wconf 79' lang='lat' dir='ltr'><strong>Alteram</strong></span> <span class='ocrx_word' id='word_1_150' title='bbox 454 2684 705 2775; x_wconf 77' lang='lat' dir='ltr'><strong>congruentiam</strong></span> <span class='ocrx_word' id='word_1_151' title='bbox 748 2681 918 2775; x_wconf 87' lang='lat' dir='ltr'><strong>quandam</strong></span> <span class='ocrx_word' id='word_1_152' title='bbox 952 2707 1022 2749; x_wconf 86' lang='lat' dir='ltr'><strong>non</strong></span> <span class='ocrx_word' id='word_1_153' title='bbox 1061 2681 1241 2750; x_wconf 81' lang='lat' dir='ltr'><strong>afferendam</strong></span> 
     </span>
     <span class='ocr_line' id='line_1_21' title="bbox 68 2797 1239 2892; baseline -0.003 -28"><span class='ocrx_word' id='word_1_154' title='bbox 68 2809 72 2819; x_wconf 77' lang='lat'><strong><em>¹</em></strong></span> <span class='ocrx_word' id='word_1_155' title='bbox 170 2817 313 2892; x_wconf 84' lang='lat' dir='ltr'><strong>proptor</strong></span> <span class='ocrx_word' id='word_1_156' title='bbox 339 2798 540 2892; x_wconf 81' lang='lat' dir='ltr'><strong>singularem</strong></span> <span class='ocrx_word' id='word_1_157' title='bbox 564 2797 708 2890; x_wconf 88' lang='lat' dir='ltr'><strong>aliquam</strong></span> <span class='ocrx_word' id='word_1_158' title='bbox 733 2797 904 2890; x_wconf 89' lang='lat' dir='ltr'><strong>probandi</strong></span> <span class='ocrx_word' id='word_1_159' title='bbox 931 2799 1016 2877; x_wconf 89' lang='lat' dir='ltr'><strong>vim,</strong></span> <span class='ocrx_word' id='word_1_160' title='bbox 1050 2797 1114 2865; x_wconf 88' lang='lat' dir='ltr'><strong>scd</strong></span> <span class='ocrx_word' id='word_1_161' title='bbox 1141 2817 1239 2866; x_wconf 78' lang='lat' dir='ltr'><strong>tumen</strong></span> 
     </span>
     <span class='ocr_line' id='line_1_22' title="bbox 172 2912 1236 3009; baseline -0.005 -29"><span class='ocrx_word' id='word_1_162' title='bbox 172 2942 360 3009; x_wconf 85' lang='lat' dir='ltr'><strong>quanquam</strong></span> <span class='ocrx_word' id='word_1_163' title='bbox 375 2941 444 2982; x_wconf 91' lang='lat' dir='ltr'><strong>non</strong></span> <span class='ocrx_word' id='word_1_164' title='bbox 455 2941 588 2982; x_wconf 85' lang='lat' dir='ltr'><strong>vacuam</strong></span> <span class='ocrx_word' id='word_1_165' title='bbox 606 2913 813 2980; x_wconf 82' lang='lat' dir='ltr'><strong>dubitatione</strong></span> <span class='ocrx_word' id='word_1_166' title='bbox 829 2939 897 2981; x_wconf 88' lang='lat' dir='ltr'><strong>nou</strong></span> <span class='ocrx_word' id='word_1_167' title='bbox 914 2912 1034 2981; x_wconf 87' lang='lat' dir='ltr'><strong>leviter</strong></span> <span class='ocrx_word' id='word_1_168' title='bbox 1045 2913 1236 3007; x_wconf 83' lang='lat' dir='ltr'><strong>praetermit-</strong></span> 
     </span>
     <span class='ocr_line' id='line_1_23' title="bbox 173 3025 1278 3126; baseline -0.008 -27"><span class='ocrx_word' id='word_1_169' title='bbox 173 3033 307 3099; x_wconf 80' lang='lat' dir='ltr'><strong>tendam</strong></span> <span class='ocrx_word' id='word_1_170' title='bbox 334 3032 430 3098; x_wconf 89' lang='lat' dir='ltr'><strong>duco.</strong></span> <span class='ocrx_word' id='word_1_171' title='bbox 480 3032 519 3096; x_wconf 92' lang='lat' dir='ltr'><strong>In</strong></span> <span class='ocrx_word' id='word_1_172' title='bbox 537 3031 656 3098; x_wconf 89' lang='lat' dir='ltr'><strong>Bacch.</strong></span> <span class='ocrx_word' id='word_1_173' title='bbox 675 3032 716 3109; x_wconf 86' lang='lat' dir='ltr'><strong>H,</strong></span> <span class='ocrx_word' id='word_1_174' title='bbox 744 3031 777 3109; x_wconf 87' lang='lat'><strong>3,</strong></span> <span class='ocrx_word' id='word_1_175' title='bbox 806 3030 852 3100; x_wconf 73' lang='grc'><strong>74</strong></span> <span class='ocrx_word' id='word_1_176' title='bbox 880 3049 1085 3126; x_wconf 75' lang='lat' dir='ltr'><strong>memoratur</strong></span> <span class='ocrx_word' id='word_1_177' title='bbox 1106 3025 1233 3123; x_wconf 81' lang='lat' dir='ltr'><strong>Ephesiis</strong></span> <span class='ocrx_word' id='word_1_178' title='bbox 1276 3030 1278 3047; x_wconf 92' lang='lat'>&#39;</span> 
     </span>
     <span class='ocr_line' id='line_1_24' title="bbox 174 3137 1233 3238; baseline -0.008 -23"><span class='ocrx_word' id='word_1_179' title='bbox 174 3150 359 3216; x_wconf 85' lang='lat' dir='ltr'><strong>carissimus</strong></span> <span class='ocrx_word' id='word_1_180' title='bbox 386 3147 542 3214; x_wconf 87' lang='lat' dir='ltr'><strong>sacerdos</strong></span> <span class='ocrx_word' id='word_1_181' title='bbox 570 3149 698 3212; x_wconf 87' lang='lat' dir='ltr'><strong>Dianae</strong></span> <span class='ocrx_word' id='word_1_182' title='bbox 732 3146 916 3238; x_wconf 87' lang='lat' dir='ltr'><strong>Ephesiae,</strong></span> <span class='ocrx_word' id='word_1_183' title='bbox 956 3146 1025 3211; x_wconf 85' lang='lat' dir='ltr'><strong>sive</strong></span> <span class='ocrx_word' id='word_1_184' title='bbox 1048 3137 1233 3236; x_wconf 69' lang='lat' dir='ltr'><strong>Megalobuli</strong></span> 
     </span>
     <span class='ocr_line' id='line_1_25' title="bbox 175 3251 1229 3352; baseline -0.009 -22"><span class='ocrx_word' id='word_1_185' title='bbox 175 3266 253 3343; x_wconf 81' lang='lat' dir='ltr'><strong>sire,</strong></span> <span class='ocrx_word' id='word_1_186' title='bbox 277 3263 399 3330; x_wconf 82' lang='lat' dir='ltr'><strong>maliis</strong></span> <span class='ocrx_word' id='word_1_187' title='bbox 418 3265 534 3342; x_wconf 87' lang='lat' dir='ltr'><strong>visum,</strong></span> <span class='ocrx_word' id='word_1_188' title='bbox 561 3259 787 3352; x_wconf 75' lang='lat' dir='ltr'><strong>Megalobuzi</strong></span> <span class='ocrx_word' id='word_1_189' title='bbox 805 3260 858 3327; x_wconf 88' lang='lat' dir='ltr'><strong>vol</strong></span> <span class='ocrx_word' id='word_1_190' title='bbox 877 3259 1071 3352; x_wconf 75' lang='lat' dir='ltr'><strong>Megabyzi</strong></span> <span class='ocrx_word' id='word_1_191' title='bbox 1091 3251 1229 3339; x_wconf 66' lang='lat' dir='ltr'><strong>filiuscu&#39;</strong></span> 
     </span>
     <span class='ocr_line' id='line_1_26' title="bbox 174 3375 1229 3473; baseline -0.008 -27"><span class='ocrx_word' id='word_1_192' title='bbox 174 3382 340 3473; x_wconf 83' lang='lat' dir='ltr'><strong>pecuniae</strong></span> <span class='ocrx_word' id='word_1_193' title='bbox 377 3382 442 3447; x_wconf 88' lang='lat' dir='ltr'><strong>vim</strong></span> <span class='ocrx_word' id='word_1_194' title='bbox 480 3378 674 3446; x_wconf 90' lang='lat' dir='ltr'><strong>servandam</strong></span> <span class='ocrx_word' id='word_1_195' title='bbox 713 3376 897 3442; x_wconf 87' lang='lat' dir='ltr'><strong>crediderit</strong></span> <span class='ocrx_word' id='word_1_196' title='bbox 927 3375 1159 3444; x_wconf 86' lang='lat' dir='ltr'><strong>Mnesilochus</strong></span> <span class='ocrx_word' id='word_1_197' title='bbox 1182 3390 1229 3438; x_wconf 73' lang='lat' dir='ltr'><strong>cum</strong></span> 
     </span>
     <span class='ocr_line' id='line_1_27' title="bbox 177 3486 1228 3589; baseline -0.011 -24"><span class='ocrx_word' id='word_1_198' title='bbox 177 3496 352 3589; x_wconf 79' lang='lat' dir='ltr'><strong>Chrysalo.</strong></span> <span class='ocrx_word' id='word_1_199' title='bbox 404 3496 541 3562; x_wconf 87' lang='lat' dir='ltr'><strong>Constat</strong></span> <span class='ocrx_word' id='word_1_200' title='bbox 571 3513 682 3560; x_wconf 78' lang='lat' dir='ltr'><strong>autom</strong></span> <span class='ocrx_word' id='word_1_201' title='bbox 715 3492 860 3571; x_wconf 87' lang='lat' dir='ltr'><strong>aliunde,</strong></span> <span class='ocrx_word' id='word_1_202' title='bbox 901 3486 1118 3585; x_wconf 74' lang='grc' dir='ltr'><em>Μεγάβυζος</em></span> <span class='ocrx_word' id='word_1_203' title='bbox 1140 3505 1228 3557; x_wconf 72' lang='lat' dir='ltr'><strong>nomen</strong></span> 
     </span>
     <span class='ocr_line' id='line_1_28' title="bbox 174 3607 1229 3701; baseline -0.009 -22"><span class='ocrx_word' id='word_1_204' title='bbox 174 3615 276 3679; x_wconf 81' lang='lat' dir='ltr'><strong>fuisse</strong></span> <span class='ocrx_word' id='word_1_205' title='bbox 313 3610 401 3679; x_wconf 88' lang='lat' dir='ltr'><strong>illius</strong></span> <span class='ocrx_word' id='word_1_206' title='bbox 433 3613 561 3678; x_wconf 89' lang='lat' dir='ltr'><strong>Dianae</strong></span> <span class='ocrx_word' id='word_1_207' title='bbox 597 3614 663 3676; x_wconf 87' lang='lat' dir='ltr'><strong>sive</strong></span> <span class='ocrx_word' id='word_1_208' title='bbox 687 3609 901 3675; x_wconf 86' lang='lat' dir='ltr'><strong>sacerdoti</strong></span> <span class='ocrx_word' id='word_1_209' title='bbox 875 3635 969 3690; x_wconf 89' lang='lat' dir='ltr'><strong>s1‚ve</strong></span> <span class='ocrx_word' id='word_1_210' title='bbox 1004 3595 1229 3701; x_wconf 65' lang='lat' dir='ltr'><strong>quodenset</strong></span> 
     </span>
     <span class='ocr_line' id='line_1_29' title="bbox 174 3722 1229 3818; baseline -0.008 -24"><span class='ocrx_word' id='word_1_211' title='bbox 174 3728 327 3806; x_wconf 72' lang='lat' dir='ltr'><strong>sumbus</strong></span> <span class='ocrx_word' id='word_1_212' title='bbox 351 3725 572 3793; x_wconf 83' lang='lat' dir='ltr'><strong>secerdotium</strong></span> <span class='ocrx_word' id='word_1_213' title='bbox 598 3727 700 3818; x_wconf 83' lang='lat' dir='ltr'><strong>genti:</strong></span> <span class='ocrx_word' id='word_1_214' title='bbox 729 3722 843 3817; x_wconf 88' lang='lat' dir='ltr'><strong>quode</strong></span> <span class='ocrx_word' id='word_1_215' title='bbox 870 3724 946 3790; x_wconf 91' lang='lat' dir='ltr'><strong>satis</strong></span> <span class='ocrx_word' id='word_1_216' title='bbox 973 3742 1116 3815; x_wconf 82' lang='lat' dir='ltr'><strong>egerunt</strong></span> <span class='ocrx_word' id='word_1_217' title='bbox 1131 3725 1229 3787; x_wconf 81' lang='lat' dir='ltr'><strong>Turne</strong></span> 
     </span>
     <span class='ocr_line' id='line_1_30' title="bbox 172 3829 1228 3933; baseline -0.021 -19"><span class='ocrx_word' id='word_1_218' title='bbox 172 3852 234 3914; x_wconf 90' lang='lat' dir='ltr'><strong>bus</strong></span> <span class='ocrx_word' id='word_1_219' title='bbox 257 3844 435 3912; x_wconf 83' lang='lat' dir='ltr'><strong>Adversar.</strong></span> <span class='ocrx_word' id='word_1_220' title='bbox 461 3843 586 3921; x_wconf 76' lang='lat' dir='ltr'><strong>XVIII,</strong></span> <span class='ocrx_word' id='word_1_221' title='bbox 613 3869 684 3933; x_wconf 82' lang='lat' dir='ltr'><strong>cap.</strong></span> <span class='ocrx_word' id='word_1_222' title='bbox 699 3845 757 3917; x_wconf 86' lang='grc'><strong>31,</strong></span> <span class='ocrx_word' id='word_1_223' title='bbox 783 3867 816 3932; x_wconf 90' lang='lat' dir='ltr'><strong>p.</strong></span> <span class='ocrx_word' id='word_1_224' title='bbox 832 3842 915 3918; x_wconf 72' lang='lat'><strong>352,</strong></span> <span class='ocrx_word' id='word_1_225' title='bbox 934 3837 1099 3906; x_wconf 79' lang='lat' dir='ltr'><strong>Meursius</strong></span> <span class='ocrx_word' id='word_1_226' title='bbox 1122 3829 1228 3904; x_wconf 66' lang='lat' dir='ltr'><strong>Exarsit·</strong></span> 
     </span>
    </p>
   </div>
   <div class='ocr_carea' id='block_1_3' title="bbox 176 3945 1229 4045">
    <p class='ocr_par' dir='ltr' id='par_1_5' title="bbox 176 3945 1229 4045">
     <span class='ocr_line' id='line_1_31' title="bbox 176 3945 1229 4045; baseline -0.009 -16"><span class='ocrx_word' id='word_1_227' title='bbox 176 3950 246 4029; x_wconf 78' lang='lat' dir='ltr'><strong>crit&#39;.</strong></span> <span class='ocrx_word' id='word_1_228' title='bbox 273 3967 307 4032; x_wconf 89' lang='lat' dir='ltr'><strong>P,</strong></span> <span class='ocrx_word' id='word_1_229' title='bbox 335 3962 350 4024; x_wconf 88' lang='grc' dir='ltr'>Ι</span> <span class='ocrx_word' id='word_1_230' title='bbox 373 3963 439 4028; x_wconf 90' lang='lat' dir='ltr'><strong>sive</strong></span> <span class='ocrx_word' id='word_1_231' title='bbox 467 3961 546 4025; x_wconf 86' lang='lat' dir='ltr'><strong>Cur.</strong></span> <span class='ocrx_word' id='word_1_232' title='bbox 573 3956 675 4027; x_wconf 86' lang='lat' dir='ltr'><strong>Plaut.</strong></span> <span class='ocrx_word' id='word_1_233' title='bbox 709 3959 894 4024; x_wconf 86' lang='lat' dir='ltr'><strong>Comment.</strong></span> <span class='ocrx_word' id='word_1_234' title='bbox 921 3957 956 4020; x_wconf 90' lang='lat' dir='ltr'><strong>in</strong></span> <span class='ocrx_word' id='word_1_235' title='bbox 982 3958 1104 4024; x_wconf 64' lang='lat' dir='ltr'><strong>Bacch}</strong></span> <span class='ocrx_word' id='word_1_236' title='bbox 1127 3980 1188 4045; x_wconf 88' lang='lat' dir='ltr'><strong>cap.</strong></span> <span class='ocrx_word' id='word_1_237' title='bbox 1210 3945 1229 4013; x_wconf 73' lang='lat' dir='ltr'><strong>3r</strong></span> 
     </span>
    </p>
   </div>
   <div class='ocr_carea' id='block_1_4' title="bbox 180 4054 1230 4386">
    <p class='ocr_par' dir='ltr' id='par_1_6' title="bbox 180 4054 1230 4386">
     <span class='ocr_line' id='line_1_32' title="bbox 181 4054 1230 4169; baseline -0.012 -27"><span class='ocrx_word' id='word_1_238' title='bbox 181 4105 212 4168; x_wconf 90' lang='lat' dir='ltr'><strong>p.</strong></span> <span class='ocrx_word' id='word_1_239' title='bbox 242 4080 310 4146; x_wconf 70' lang='lat'><strong>1⁸28</strong></span> <span class='ocrx_word' id='word_1_240' title='bbox 337 4103 397 4169; x_wconf 76' lang='lat' dir='ltr'><strong>sq,</strong></span> <span class='ocrx_word' id='word_1_241' title='bbox 425 4075 639 4142; x_wconf 88' lang='lat' dir='ltr'><strong>Casaubonus</strong></span> <span class='ocrx_word' id='word_1_242' title='bbox 664 4092 696 4139; x_wconf 84' lang='lat' dir='ltr'><strong>ct</strong></span> <span class='ocrx_word' id='word_1_243' title='bbox 719 4074 893 4166; x_wconf 81' lang='lat' dir='ltr'><strong>Menagius</strong></span> <span class='ocrx_word' id='word_1_244' title='bbox 916 4074 948 4137; x_wconf 86' lang='lat' dir='ltr'><strong>in</strong></span> <span class='ocrx_word' id='word_1_245' title='bbox 976 4074 1077 4163; x_wconf 80' lang='lat' dir='ltr'><strong>Diog,</strong></span> <span class='ocrx_word' id='word_1_246' title='bbox 1101 4054 1230 4138; x_wconf 72' lang='lat' dir='ltr'><strong>Laersll</strong></span> 
     </span>
     <span class='ocr_line' id='line_1_33' title="bbox 180 4175 1230 4282; baseline -0.016 -22"><span class='ocrx_word' id='word_1_247' title='bbox 180 4199 237 4265; x_wconf 75' lang='lat'><strong>51,</strong></span> <span class='ocrx_word' id='word_1_248' title='bbox 259 4192 415 4257; x_wconf 73' lang='lat' dir='ltr'><strong>biberius</strong></span> <span class='ocrx_word' id='word_1_249' title='bbox 441 4195 474 4255; x_wconf 89' lang='lat' dir='ltr'><strong>in</strong></span> <span class='ocrx_word' id='word_1_250' title='bbox 499 4191 647 4282; x_wconf 83' lang='lat' dir='ltr'><strong>Hesych.</strong></span> <span class='ocrx_word' id='word_1_251' title='bbox 674 4189 736 4257; x_wconf 90' lang='lat' dir='ltr'><strong>vol.</strong></span> <span class='ocrx_word' id='word_1_252' title='bbox 765 4191 807 4269; x_wconf 91' lang='grc' dir='ltr'><strong>ΙΙ,</strong></span> <span class='ocrx_word' id='word_1_253' title='bbox 833 4216 866 4280; x_wconf 89' lang='lat' dir='ltr'><strong>p.</strong></span> <span class='ocrx_word' id='word_1_254' title='bbox 894 4192 978 4269; x_wconf 71' lang='lat'><strong>559,</strong></span> <span class='ocrx_word' id='word_1_255' title='bbox 1005 4193 1197 4254; x_wconf 87' lang='lat' dir='ltr'><strong>Burmannus</strong></span> <span class='ocrx_word' id='word_1_256' title='bbox 1210 4175 1230 4235; x_wconf 65' lang='lat'><strong>1¹¹</strong></span> 
     </span>
     <span class='ocr_line' id='line_1_34' title="bbox 180 4283 1230 4386; baseline -0.014 -17"><span class='ocrx_word' id='word_1_257' title='bbox 180 4307 371 4385; x_wconf 77' lang='lat' dir='ltr'><strong>Quintiliani</strong></span> <span class='ocrx_word' id='word_1_258' title='bbox 400 4309 475 4371; x_wconf 86' lang='lat' dir='ltr'><strong>lust.</strong></span> <span class='ocrx_word' id='word_1_259' title='bbox 503 4326 581 4372; x_wconf 84' lang='lat' dir='ltr'><strong>orat.</strong></span> <span class='ocrx_word' id='word_1_260' title='bbox 608 4308 656 4386; x_wconf 89' lang='lat' dir='ltr'><strong>V,</strong></span> <span class='ocrx_word' id='word_1_261' title='bbox 688 4310 748 4383; x_wconf 67' lang='grc'><strong>19,</strong></span> <span class='ocrx_word' id='word_1_262' title='bbox 776 4310 843 4384; x_wconf 70' lang='grc'><strong>91,</strong></span> <span class='ocrx_word' id='word_1_263' title='bbox 880 4304 1072 4373; x_wconf 85' lang='lat' dir='ltr'><strong>llarduiuus</strong></span> <span class='ocrx_word' id='word_1_264' title='bbox 1109 4306 1139 4368; x_wconf 89' lang='lat' dir='ltr'><strong>in</strong></span> <span class='ocrx_word' id='word_1_265' title='bbox 1162 4283 1230 4364; x_wconf 72' lang='lat' dir='ltr'><strong>Plini</strong></span> 
     </span>
    </p>
   </div>
   <div class='ocr_carea' id='block_1_5' title="bbox 177 4395 1229 4515">
    <p class='ocr_par' dir='ltr' id='par_1_7' title="bbox 177 4395 1229 4515">
     <span class='ocr_line' id='line_1_35' title="bbox 177 4395 1229 4515; baseline -0.001 -29"><span class='ocrx_word' id='word_1_266' title='bbox 177 4421 250 4486; x_wconf 71' lang='grc' dir='ltr'>ιιι.</span> <span class='ocrx_word' id='word_1_267' title='bbox 279 4421 351 4487; x_wconf 88' lang='lat' dir='ltr'><strong>hist.</strong></span> <span class='ocrx_word' id='word_1_268' title='bbox 385 4424 532 4502; x_wconf 84' lang='lat' dir='ltr'><strong>xxxv,</strong></span> <span class='ocrx_word' id='word_1_269' title='bbox 564 4426 625 4500; x_wconf 79' lang='lat' dir='ltr'><strong>to,</strong></span> <span class='ocrx_word' id='word_1_270' title='bbox 654 4420 711 4502; x_wconf 83' lang='lat'><strong>36,</strong></span> <span class='ocrx_word' id='word_1_271' title='bbox 737 4449 769 4515; x_wconf 82' lang='lat' dir='ltr'><strong>p.</strong></span> <span class='ocrx_word' id='word_1_272' title='bbox 797 4421 868 4494; x_wconf 78' lang='lat'><strong>607</strong></span> <span class='ocrx_word' id='word_1_273' title='bbox 896 4441 928 4490; x_wconf 73' lang='grc' dir='ltr'><strong>ιι</strong></span> <span class='ocrx_word' id='word_1_274' title='bbox 955 4429 1010 4502; x_wconf 83' lang='grc' dir='ltr'>ιι,</span> <span class='ocrx_word' id='word_1_275' title='bbox 1036 4420 1094 4503; x_wconf 78' lang='lat' dir='ltr'><strong>to,</strong></span> <span class='ocrx_word' id='word_1_276' title='bbox 1119 4448 1150 4514; x_wconf 81' lang='lat' dir='ltr'><strong>p.</strong></span> <span class='ocrx_word' id='word_1_277' title='bbox 1174 4395 1229 4485; x_wconf 76' lang='lat' dir='ltr'><strong>tol</strong></span> 
     </span>
    </p>
   </div>
   <div class='ocr_carea' id='block_1_6' title="bbox 0 0 1445 4942">
    <p class='ocr_par' dir='ltr' id='par_1_8' title="bbox 0 0 1445 4942">
     <span class='ocr_line' id='line_1_36' title="bbox 0 0 1445 4942; baseline 0 0"><span class='ocrx_word' id='word_1_278' title='bbox 0 0 1445 4942; x_wconf 95' lang='lat' dir='ltr'><strong> </strong></span> 
     </span>
    </p>
   </div>
  </div>
 </body>
</html>
