2872 4942
1066 96 1091 137 Q

256 167 262 194 t

164 328 235 425 376
505 356 548 398 νι.
572 355 616 403 nn
641 353 819 396 vertntavs
850 346 855 359 ·
1096 332 1150 509 p

1075 500 1088 529 ι
1134 448 1176 523 'S

192 454 216 511 ⁵
262 527 376 595 Altera
400 525 518 595 Scauri
542 526 667 595 notatio
691 550 710 590 a
734 520 854 590 Rufino
880 541 1027 602 servan,
1060 524 1244 618 qnae'3qui-

163 642 304 713 demin
329 670 368 710 re
394 642 470 709 satis
497 642 572 708 trita
598 658 755 714 versatur,
779 637 824 704 ad
842 665 951 705 unum
963 638 1113 731 pertinet
1127 665 1145 707 e
1161 658 1243 733 quat·

158 777 239 827 tuor
260 758 422 827 Pseudoli
448 756 532 825 locis
557 758 669 824 hisce:
683 810 686 814 .
701 757 726 834 Ι,
754 759 786 834 Ι,
815 757 902 826 116:

361 873 469 940 dabo:
496 873 657 939 molestus
682 896 776 936 nunc
801 874 869 936 iam
894 895 937 936 ne
959 875 1007 937 sis
1031 870 1126 941 milti.
1157 951 1163 961 ἣ

162 991 188 1069 Ι,
215 992 249 1071 5,
275 991 340 1060 ὃίὶι

359 1109 538 1197 peccotan'
557 1127 599 1168 ea
614 1102 721 1201 sunt?
743 1105 895 1167 animum
906 1099 1052 1167 advorte
1064 1123 1160 1167 nurse
1171 1102 1242 1164 iam:

163 1220 210 1287 sic
236 1220 324 1287 enim
344 1239 439 1288 recte
458 1219 603 1311 ⁸gothice
630 1243 693 1311 pro
724 1242 764 1285 eo
799 1216 892 1310 quod
925 1234 975 1284 est
999 1218 1036 1282 in
1054 1215 1158 1283 tibris
1175 1239 1242 1308 pec·

162 1353 242 1403 catu
268 1359 352 1400 meu.
375 1336 509 1402 Deinde
535 1336 561 1414 Ι,
590 1340 622 1414 5,
652 1334 740 1428 133ε
1192 1339 1233 1395 0·

359 1451 473 1517 indice
499 1449 597 1516 ludos
624 1473 716 1515 narce
742 1452 823 1523 iam,
851 1445 992 1540 quurtdo
1016 1445 1120 1513 habet.

159 1569 187 1650 Ι,
211 1568 247 1647 5,
274 1564 353 1636 144.

362 1687 471 1774 agite,
494 1682 685 1746 amolimini
704 1681 785 1745 ltine
814 1703 871 1745 vos
893 1681 987 1745 intro
1011 1702 1107 1743 nunc
1131 1681 1210 1744 iam:

162 1799 221 1864 ubi
247 1801 306 1864 etsi
332 1798 368 1863 in
393 1797 494 1890 longe
521 1797 674 1890 plurimis
702 1794 801 1863 codd.
826 1799 1033 1860 amovemini
1058 1812 1133 1875 est,
1167 1788 1238 1859 illud

163 1930 372 1981 tamencum
397 1915 527 1982 Vetere
554 1931 691 1980 testatur
715 1911 964 1985 Ambrosianus.

672 2128 751 2215 §a

262 2259 290 2323 E
317 2261 468 2352 quinque
504 2258 688 2325 fabularum
724 2259 970 2326 commentariis
1010 2258 1171 2327 Sisennae
1202 2253 1239 2321 af-

164 2373 248 2441 ferri
273 2373 457 2468 fragmenta
482 2375 634 2444 vidimus.
681 2377 788 2458 Quem
823 2399 892 2442 non
926 2373 1094 2440 diversum
1130 2398 1195 2440 esse
1223 2396 1236 2434 a

165 2488 246 2557 clari
271 2493 415 2586 nominis
442 2511 583 2574 oratore,
610 2517 722 2558 rerum
746 2494 966 2558 Romanarum
990 2493 1167 2582 scriptore,
1187 2488 1239 2556 Mi·

163 2604 366 2672 lesiacorom
393 2606 630 2673 Aristidiorum
656 2609 842 2697 interprete
872 2609 908 2670 L.
942 2604 1157 2673 Cornelio
1186 2603 1240 2671 Si·

165 2743 312 2800 senna,
352 2725 535 2789 communis
568 2723 729 2788 sententia
768 2722 807 2787 G.
831 2723 855 2786 Ι.
882 2722 993 2788 Vossii
1027 2720 1070 2787 de
1100 2723 1174 2787 hist
1195 2719 1238 2786 lat

166 2837 193 2915 Ι,
220 2862 247 2902 c.
276 2840 331 2914 10,
356 2839 488 2904 Krausii
511 2840 578 2905 Vit.
607 2858 640 2905 et
661 2838 775 2930 fragm.
804 2838 877 2904 hist.
905 2839 999 2904 Rom.
1026 2863 1059 2929 p.
1085 2840 1167 2916 303,
1190 2835 1240 2903 Su·

166 2952 290 3042 ringari
317 2953 342 3031 Ι,
365 2979 398 3043 p.
427 2955 471 3020 75
496 2953 566 3020 fuit.
596 2957 668 3020 Nec
693 2978 754 3019 nos
781 2953 943 3018 habemus
970 2978 1030 3018 cur
1057 2951 1240 3019 dubitemus.

165 3067 250 3133 Nam
282 3093 346 3134 nec
381 3070 584 3159 grammatici
617 3068 715 3135 ullius
757 3056 919 3135 Sisennae
951 3067 1057 3133 ullum
1082 3087 1240 3161 praeterea

167 3182 340 3275 vestigium
369 3203 491 3263 exstat,
524 3211 588 3251 nec
628 3186 739 3250 aetatis
773 3187 917 3251 rationes
954 3203 1162 3277 repugnant,
1193 3203 1240 3247 nec

167 3294 311 3365 alienum
338 3317 386 3362 est
412 3298 597 3365 studiorum
619 3325 734 3391 genus.
787 3302 930 3366 Doctum
965 3300 1054 3364 enim
1085 3301 1191 3365 virum
1217 3309 1241 3360 et

169 3409 284 3480 studiis
319 3412 451 3503 optimis
484 3413 635 3481 deditum
670 3414 820 3507 appellat
855 3414 974 3481 Cicero
1014 3415 1105 3480 Brut
1138 3441 1166 3481 c.
1197 3403 1241 3486 64,

169 3525 423 3593 emendatorem
448 3533 613 3596 sermonis
640 3533 747 3597 usitati
776 3556 848 3597 esse
876 3528 1028 3607 voluisse,
1054 3555 1121 3595 nec
1148 3528 1242 3594 deter-

167 3643 246 3722 reri,
274 3667 340 3734 quo
367 3646 476 3710 minus
506 3647 665 3723 inusitatis
691 3648 801 3713 verbis
816 3662 975 3724 uteretur,
1000 3648 1151 3737 potuisse
1170 3641 1241 3708 idem

168 3775 305 3825 testatur
332 3786 358 3826 c.
385 3755 440 3881 74,
467 3762 530 3842 Qui
557 3762 646 3853 quod
675 3787 742 3828 non
771 3760 866 3827 multi
891 3759 985 3826 illum
1004 3760 1130 3826 laboris
1157 3757 1239 3824 fuisse

168 3871 275 3938 addit:
310 3872 346 3938 id
380 3876 440 3939 etsi
474 3876 596 3943 Cicero
632 3878 732 3944 voluit
767 3876 809 3942 de
836 3877 956 3943 caussis
984 3875 1136 3941 dicendis
1162 3866 1239 3967 intel·

169 3985 238 4080 ligi,
262 4007 371 4057 tamen
396 3990 532 4059 forsitan
564 3995 662 4059 etiam
688 3997 722 4057 in
736 3993 903 4061 Plautinos
931 3992 1183 4057 commentarios
1199 4008 1237 4048 ca·

172 4103 243 4183 dat,
279 4105 337 4197 qui
368 4107 558 4198 ignoramus
597 4136 695 4201 quam
721 4111 901 4204 diligenter
924 4108 1106 4200 conscripti
1127 4103 1235 4171 suerint

171 4219 223 4288 De
246 4236 349 4288 aetate
376 4241 483 4289 autem
511 4226 673 4295 Sisennae
701 4225 852 4293 subtilius
888 4252 987 4317 quam
1022 4226 1062 4289 ab
1091 4212 1233 4287 Ellendtio

170 4330 301 4435 proleg·
341 4339 376 4402 in
404 4341 473 4409 Cic.
502 4343 590 4407 Brut.
617 4368 650 4436 p.
679 4342 740 4410 CII
783 4360 815 4409 et
850 4339 1060 4435 probabilius
1093 4359 1181 4433 quam
1201 4324 1232 4394 th
