2872 4942
504 393 669 436 raiuvnui
690 391 895 438 anvarnus.
1174 367 1244 436 565

308 561 418 653 Pergit
439 557 599 654 deinceps
627 560 799 634 Callicles:

261 671 429 752 Minume',
452 680 598 742 minume
615 676 735 743 laercle
763 671 856 742 vdua:
883 700 965 741 raam
991 672 1083 743 renui
1109 681 1194 751 scio,

260 784 389 859 Locrim
422 815 553 885 quoque
589 792 682 859 illam
701 776 859 870 omnem,
894 785 953 858 :ibi
983 795 1103 870 sitast,
1138 784 1247 857 come'-

758 905 857 974 derit.

184 1021 233 1093 95
263 1019 373 1120 Quem
386 1016 666 1117 fu'dm‘effuetuo,
695 1017 842 1087 adultum
869 1044 913 1086 ne
936 1020 992 1086 ille
1018 1014 1207 1110 exaddial:

216 1142 219 1155 '
244 1140 315 1229 'Ne
341 1161 412 1202 rem
437 1114 542 1229 ipsanl
570 1136 737 1227 indaget,
763 1133 878 1204 ddtem
897 1135 983 1204 dare
1007 1140 1041 1202 si
1063 1130 1219 1203 dixerim.

161 1254 233 1322 Vbi
259 1251 351 1347 quod
374 1250 567 1345 vulgabatur
591 1255 667 1320 Neu
693 1257 800 1345 ipsam
826 1277 899 1318 rem
920 1270 1064 1344 propter
1098 1250 1244 1317 elisionis

161 1367 378 1436 insolentiam
412 1367 493 1433 ferri
527 1393 627 1460 posse
662 1392 784 1497 ”3³⁰⁵
819 1369 1028 1435 Hei-mannus
1070 1366 1189 1459 (praef.
1214 1393 1248 1457 p.

160 1480 258 1565 XIV)
282 1484 317 1547 in
341 1483 395 1549 Ne
420 1484 529 1573 ipsam
550 1507 622 1549 rem
649 1483 884 1549 convertebat:
910 1508 984 1549 cum
1006 1498 1122 1573 posset
1149 1479 1247 1546 etiam

161 1596 415 1692 transponendo
455 1595 539 1663 illud
577 1596 782 1665 incommodi
824 1599 871 1664 sic
906 1594 1025 1666 tollere
1060 1599 1136 1668 Neu
1176 1619 1248 1660 rem

161 1718 279 1807 ipsam.
331 1717 425 1797 Quae
453 1712 627 1781 collocatio
652 1714 831 1894 vermi-um
855 1739 930 1781 cum
958 1738 999 1780 ex
1023 1712 1246 1778 Ambrosiano

163 1846 198 1896 et
218 1821 346 1896 Vetere
370 1826 565 1920 recipienda
591 1814 712 1908 suerio-¹
756 1855 835 1895 men
861 1832 974 1895 nesio
1001 1828 1141 1921 quidem
1167 1815 1244 1906 nell,
1332 1862 1335 1869 ·

165 1942 260 2038 quod
291 1942 369 2010 libri
406 1968 519 2010 omnes
545 1961 664 2011 tenent
690 1924 774 2030 (nili
794 1942 886 2039 quod
909 1945 944 2010 in
967 1946 1092 2012 Vetere
1120 1960 1169 2010 est
1193 1946 1247 2010 No

164 2060 234 2128 ure*
260 2057 370 2153 ipati),
393 2061 494 2128 habet
519 2061 578 2152 qui
604 2058 813 2128 defendatur.
863 2060 948 2126 Nam
970 2022 1040 2127 lin
1071 2084 1112 2126 eo
1137 2061 1248 2126 animo

165 2192 321 2242 metuere
347 2201 383 2240 se
409 2174 528 2242 fodere
555 2175 713 2242 Callicles
737 2173 836 2256 dicit,
861 2201 904 2241 ne
930 2175 997 2242 vel
1023 2176 1165 2242 sonitum
1191 2173 1248 2243 ille

163 2289 318 2358 exaudiat
338 2289 404 2358 vel
431 2315 504 2358 rem
530 2292 636 2381 ipsam
661 2290 813 2384 indaget:
841 2315 926 2383 quae
941 2290 1076 2356 minime
1099 2288 1247 2355 diversae

162 2422 240 2475 sunt
255 2404 424 2472 metuendi
444 2431 590 2473 caussae:
606 2405 667 2472 sed
684 2431 727 2472 ne
750 2408 860 2472 sonitu
882 2404 1038 2472 exaudito
1059 2430 1132 2471 rem
1150 2403 1248 2470 iuda-

161 2539 228 2619 get.
257 2522 304 2588 Vt
323 2521 357 2588 in
383 2521 469 2586 hanc
485 2521 625 2588 sormam
647 2520 794 2589 Calliclis
820 2521 982 2588 sententia
1008 2520 1113 2587 omnis
1139 2518 1249 2612 redigi

163 2639 285 2732 possit:
307 2636 394 2704 Nolo
414 2662 490 2703 eum
511 2635 665 2704 fodiendi
680 2638 824 2706 sonitum
844 2636 1013 2718 exaudire,
1038 2661 1092 2716 ne,
1118 2635 1146 2701 si
1164 2633 1249 2701 alte-

160 2776 239 2823 rum
254 2751 339 2819 illud
363 2753 550 2832 accesserit,
575 2751 665 2845 quod
686 2751 799 2822 dotem
812 2778 865 2819 me
884 2751 966 2818 dare
987 2740 1072 2818 velle
1095 2749 1249 2830 dixerim,

159 2890 237 2953 rem
264 2867 322 2935 ille
348 2869 454 2960 ipsam
481 2866 624 2960 indaget.
661 2868 789 2962 Ineptit
814 2886 849 2934 ut
875 2867 1025 2936 consolat
1047 2865 1250 2933 Lindeman-

157 2992 298 3054 'num-
313 2984 382 3053 Hos
402 3008 514 3051 versus
537 2983 573 3047 hi
598 2980 697 3076 vulgo
721 2985 891 3075 excipiunt
917 3008 1032 3050 senum
1059 3006 1248 3068 sermones:

261 3120 351 3170 uuo.
382 3100 458 3191 Quo
482 3115 586 3193 pacto
608 3123 694 3190 ergo
718 3100 854 3191 igitar?
881 3121 957 3167 cur.
985 3097 1073 3167 elam
1098 3097 1161 3167 dor
1187 3096 1248 3165 de-

456 3214 460 3222 *
753 3219 867 3307 promi
887 3231 1016 3307 polest,
1178 3206 1201 3265 l

268 3331 360 3398 Dum
383 3332 516 3395 occasio
543 3329 621 3398 lude
643 3335 695 3399 rei
719 3334 928 3422 imperiatum
954 3334 1094 3399 interim

260 3443 316 3513 Ab
340 3448 449 3510 amico
476 3445 635 3512 alicunde
658 3462 841 3537 argeutum
867 3470 984 3536 roges.

184 3561 235 3635 30
260 3583 348 3630 Mau.
373 3560 491 3628 Potin'
513 3579 564 3626 est
589 3560 633 3627 ab
659 3567 767 3631 amieo
793 3561 953 3629 alicunde
980 3559 1146 3657 efferari?
1170 3579 1248 3626 auu.

368 3765 372 3777 ι
755 3694 878 3770 potest.

264 3812 352 3861 uua.
383 3791 539 3862 Germe:
575 3817 619 3857 ue
646 3809 682 3861 tu
708 3793 794 3858 illud
821 3794 956 3861 verbum
981 3809 1133 3860 amulum
1154 3796 1250 3858 irrue-

761 3912 875 3978 neiis:

265 4020 357 4090 Milai
377 4021 511 4117 attidem
536 4021 648 4087 hercle
670 4045 741 4086 uon
767 4039 818 4088 esc
844 4023 938 4116 quod
957 4021 1035 4090 dean
1060 4039 1224 4089 mularum.

241 4159 345 4206 cau.
371 4140 494 4208 Malim
520 4137 633 4206 lmmle
658 4155 695 4207 ut
721 4161 836 4206 verum
860 4139 956 4206 dieas
990 4163 1091 4234 quam
1127 4154 1165 4206 ut
1190 4137 1253 4205 des

758 4270 919 4322 auctuum.

211 4436 216 4443 .
265 4391 354 4441 ura.
380 4369 453 4441 Sed
478 4370 554 4440 uide
581 4371 773 4449 consilium,
797 4371 835 4439 si
846 4371 972 4467 placer.
