2872 4942
165 325 214 396 60
507 348 543 394 u.
568 346 611 389 ut
640 346 768 390 aurare
795 345 924 390 statut.

167 513 309 613 quidem
333 516 578 608 minuspotest
602 517 710 584 Ennio
738 516 896 583 extitisse.
921 514 1007 581 Nam
1029 538 1106 584 cum
1131 538 1196 609 per
1214 541 1241 583 se

164 656 287 725 parum
310 630 433 697 haheat
458 630 711 722 probabilitatis,
739 629 807 697 duo
834 648 867 696 et
885 630 1003 722 viginti
1015 654 1121 697 annos
1144 649 1245 699 natam

168 748 323 839 coepisse
350 747 518 824 seribere,
553 763 619 811 tum
654 744 757 838 longe
793 743 963 811 diversum
988 743 1153 836 quiddam
1177 745 1246 813 reli-

162 889 254 955 quae
280 863 365 927 ritae
387 863 532 926 rationes
572 858 713 926 suadent
738 886 756 924 a
781 858 894 926 Gellio
921 859 993 937 ΙΙΙ,
1019 863 1042 930 3
1070 878 1247 927 enarratae:
1270 874 1292 899 ⁸

164 977 238 1046 Sed
261 982 353 1042 euim
375 975 595 1045 Saturionem
628 992 664 1040 et
699 972 888 1042 Addictum
920 991 956 1040 et
980 979 1122 1041 tertiam
1148 998 1249 1067 quart·

162 1092 258 1168 durat,
280 1096 373 1158 cuius
399 1115 491 1155 uurtc
516 1091 599 1156 milti
625 1115 750 1155 nomen
777 1114 850 1155 nott
865 1093 1027 1181 suppetit,
1052 1093 1093 1156 itt
1107 1093 1248 1183 pisvim
1290 1086 1292 1091 ¹

162 1231 242 1275 eum
264 1209 440 1298 scripsisse
465 1207 581 1274 Varro
608 1223 643 1271 et
665 1205 819 1298 plerique
852 1205 915 1271 alii
938 1209 1126 1271 memoriae
1151 1203 1250 1295 tradi

160 1322 312 1398 darunt,
335 1346 410 1388 cum
431 1325 581 1413 pecunia
606 1325 725 1406 omni,
762 1344 865 1413 quom
889 1324 928 1388 ia
948 1325 1063 1414 operis
1087 1320 1250 1414 artffieau
1290 1360 1292 1373 =

160 1440 377 1504 scenicorum
399 1453 596 1528 pepererat,
635 1440 673 1502 itt
695 1435 900 1503 mercatibus
932 1436 996 1523 (sia
1029 1460 1096 1530 pro
1130 1460 1251 1505 m

165 1550 316 1619 tionibus
343 1576 385 1617 ex
407 1551 542 1643 optimis
569 1548 744 1619 codicibus
770 1548 1002 1634 scribendum)
1038 1549 1184 1642 perdite
1206 1555 1251 1617 itt·

162 1691 225 1759 ops
249 1666 394 1734 Romam
418 1664 577 1740 redisset,
605 1681 639 1731 et
664 1664 707 1731 ob
728 1664 964 1758 quaerendum
979 1670 1105 1732 rictum
1131 1664 1250 1733 odeis-

166 1780 401 1872 auntagendos
427 1782 546 1856 uiolas,
569 1805 657 1874 quae
683 1782 858 1848 trusutiles
877 1783 1251 1876 appellarttur,·operau

163 1902 291 1991 pistori
313 1897 468 1963 locasset.
521 1895 722 1965 Illirabiliter
748 1897 800 1963 his
825 1900 861 1963 in
886 1899 962 1964 via
996 1896 1104 1965 Plauti
1129 1899 1251 1965 Lusiu-

167 2014 239 2104 gius
267 2029 317 2079 est
342 2012 474 2091 abusus,
501 2012 560 2103 qui
585 2010 767 2079 admodum
786 2010 1037 2081 adulescentem
1060 2015 1196 2107 poesim
1217 2010 1252 2081 il-
1290 2078 1292 2083 .

165 2127 236 2195 lum
258 2128 403 2219 attigisse
429 2127 562 2205 scribat,
586 2125 712 2193 deinde
735 2128 872 2195 Romam
898 2127 1088 2222 reliquisse,
1101 2148 1253 2223 ‹postau-
1290 2122 1292 2213 ξ

154 2259 234 2308 tem
267 2241 302 2309 in
334 2241 455 2308 urbem
488 2265 662 2308 reversum
684 2241 826 2333 pristina
848 2241 955 2308 studia
981 2242 1193 2336 aliquantum
1211 2243 1254 2309 iu·

165 2356 321 2434 termissa
359 2351 555 2421 recoluisse.
613 2357 729 2448 Longe
765 2354 829 2424 alio
863 2355 967 2423 Gellii
1005 2355 1063 2423 illa
1098 2375 1252 2451 specum,

165 2495 268 2564 quam
294 2474 341 2538 in
366 2473 520 2561 operis
557 2473 795 2552 artificum
819 2476 1096 2539 scenicorum
1124 2496 1255 2568 popa*

166 2602 237 2661 rat,
261 2608 365 2652 nemo
393 2604 443 2652 est
465 2585 549 2677 quin
574 2583 693 2651 videat
746 2585 901 2652 Artifices
933 2588 1063 2654 seeuiei
1094 2612 1167 2657 nou
1184 2604 1255 2656 aaut

167 2717 310 2789 poetae:
339 2696 392 2782 (ae
418 2699 446 2764 si
474 2716 597 2780 essent,
625 2700 682 2790 qui
710 2698 846 2764 taudem
874 2699 1005 2765 exiliis
1032 2700 1173 2793 qitidem
1190 2726 1257 2770 ver·

166 2813 231 2891 bis,
257 2835 396 2905 operam
420 2815 515 2904 poesi
525 2812 677 2878 Plautum
701 2812 849 2894 dedisse,
877 2815 1182 2907 consequereturl)
1202 2813 1256 2883 sed

170 2942 249 2993 suut
270 2926 465 2993 histriones.
493 2924 524 3010 *)
576 2927 763 2994 Histriones
790 2947 901 2995 autem
926 2953 985 2995 sua
1010 2950 1138 3022 sponte
1169 2929 1258 2999 iutel-

169 3038 285 3133 ligitur
311 3039 356 3105 ad
380 3040 480 3119 varia,
504 3065 591 3132 quae
618 3041 654 3105 in
678 3041 742 3108 hac
768 3063 840 3109 arte
867 3068 929 3110 usu
953 3044 1119 3126 venirent,
1136 3044 1259 3138 negotia

171 3150 237 3222 vel
253 3154 386 3248 opificia
411 3155 570 3221 ministris
597 3155 797 3246 quibusdam
828 3180 913 3249 opus
948 3157 1127 3228 hahuisse:
1158 3162 1260 3253 'euque

171 3287 303 3361 spectat
328 3292 507 3337 oreaaarvs
532 3293 669 3350 nomen,
696 3271 845 3363 quadiu
869 3274 944 3364 ipso
970 3275 1109 3343 scenico
1137 3298 1258 3369 genere

173 3405 238 3419 μοι,

228 3462 257 3530 ’,Ι
285 3460 448 3528 lutelligisuo
465 3462 552 3530 igitur,
571 3478 623 3530 quo
640 3464 698 3515 iure
716 3464 781 3516 Hist.
801 3465 851 3517 litt.
871 3465 916 3517 lat
933 3482 958 3533 p.
975 3466 1026 3520 tto
1036 3466 1219 3533 Bemhardyus
1233 3463 1261 3514 lt

279 3545 371 3599 Plauto
401 3532 473 3599 laneo
497 3546 606 3602 scrsstat:
636 3566 703 3616 „eoa
726 3550 860 3620 siedriqer
884 3550 1000 3620 Artena
1019 3542 1077 3604 ataid
1088 3553 1121 3604 us
1140 3550 1262 3620 &altien

282 3632 493 3697 reaumaus,
519 3635 618 3687 uelale
639 3637 691 3687 dea
706 3637 793 3703 Besa!
805 3639 876 3690 eines
895 3628 1187 3707 Selaaspt'eier's'
1200 3633 1260 3689 aad

164 3768 166 3771 .
279 3719 391 3775 sellst
414 3721 459 3773 des
476 3722 680 3775 Headurluiters
700 3723 753 3775 mu
770 3725 975 3793 aasumensi«
991 3755 1028 3771 -·
1046 3724 1119 3779 Cum·
1136 3722 1264 3791 lauabat

281 3813 399 3859 errarunt
416 3805 534 3858 Osauuus
552 3808 628 3859 Aual.
648 3823 674 3877 p.
697 3807 756 3871 142,
777 3817 804 3859 et
825 3810 1017 3878 singularitatis
1036 3817 1133 3881 poetae
1150 3809 1264 3863 moreau·

279 3891 328 3943 ltus
348 3901 455 3942 narrans
473 3893 586 3944 liitterus
614 3895 641 3944 iu
661 3894 731 3945 Ilias.
751 3895 872 3947 scholast.
890 3912 913 3947 a.
934 3897 1002 3949 1830
1030 3912 1054 3963 ps
1073 3894 1130 3950 884
1145 3913 1187 3964 sq.
1222 3893 1265 3949 Sel

284 3980 397 4029 amulum
415 3980 526 4031 maxime
547 3981 612 4031 mita
629 3980 710 4031 habes
730 3981 798 4047 apud
818 3982 862 4033 Tb.
883 3983 1040 4035 Schmidium
1064 3984 1092 4035 in
1111 3984 1174 4040 lior.
1194 3982 1265 4050 Epist.

281 4063 318 4126 ΙΙ,
338 4067 363 4126 l,
382 4066 453 4119 175:
489 4066 573 4117 Sellst
592 4066 698 4118 Plautus
719 4068 820 4119 saltriel
838 4070 894 4121 siclt
914 4087 942 4121 so
959 4070 1011 4121 viel
1029 4086 1190 4134 ammeta,
1216 4069 1267 4121 aas

281 4165 312 4198 er
329 4166 377 4200 aus
396 4151 480 4202 eistete
496 4151 762 4204 lomiscltertllicltter
780 4157 822 4205 citt
832 4156 1034 4208 llaadelsmorttt'
1046 4157 1145 4221 warde,
1163 4157 1218 4209 aad
1233 4153 1267 4206 als

282 4251 311 4283 er
328 4235 393 4286 alles
413 4234 534 4287 ueriorett
550 4232 644 4299 tatte‚'
665 4249 756 4290 musste
775 4258 818 4303 er,
848 4243 899 4293 δεῖ
912 4243 981 4295 Nata
1004 4260 1036 4294 su
1057 4243 1203 4312 entpeiea,
1232 4241 1267 4292 ait

283 4319 373 4373 statu
390 4321 490 4376 melea
506 4323 560 4373 aad
582 4323 658 4376 Verre
676 4326 830 4380 soluierlett.
857 4330 980 4384 Tomisa
998 4331 1055 4402 μὲν
1071 4323 1105 4398 dri
1124 4331 1221 4387 utta.
