2872 4942
307 242 310 247 .
370 234 374 239 ·
399 204 422 251 ⁴.

415 342 579 438 reticium
608 374 800 443 rntvmnan.
1079 357 1148 422 515

57 564 158 624 tuae,
183 544 302 638 Neq'ite
329 570 387 612 eas
415 562 453 611 ut
477 547 626 613 mttelmc
652 571 781 621 servus,
806 547 869 612 sed
894 566 1012 639 captus
1031 575 1151 625 rtovas,

56 646 192 732 Aut‘sssi
215 690 242 730 e.
270 690 303 756 q.
330 688 353 729 s.
386 661 439 735 vel
465 662 563 727 simili
590 664 718 728 ratione
746 663 865 754 aliqua.
917 664 1024 733 Vides
1052 694 1151 758 quam

56 768 174 849 omnia
200 778 471 857 disconveniant,
507 805 606 870 quam
640 797 748 845 autem
782 780 946 846 concinne
984 782 1153 873 profluant

56 898 205 964 resectis
228 896 346 987 pannis
373 892 557 960 additiciis:

333 1024 416 1117 qnid
440 1041 488 1090 tu
514 1029 621 1115 igitur
645 1019 799 1116 rdgitas,
822 1042 902 1091 tene
924 1022 1151 1119 obirirgitemi

159 1143 239 1210 Nisi
263 1135 298 1206 τά
322 1165 380 1206 me
406 1141 608 1206 mihimet
632 1136 748 1205 censes
771 1136 940 1207 dicturdm
966 1144 1062 1209 mal.

163 1260 254 1325 Nam
278 1261 310 1320 si
335 1249 372 1320 in
399 1274 433 1320 te
458 1273 647 1346 aegrotant
671 1255 765 1320 o'rtes
791 1253 954 1348 autiquae'
980 1276 1069 1339 tuae,

163 1371 234 1439 Aut
259 1374 290 1436 st‘
318 1372 498 1436 demutant
524 1367 634 1437 mdres
658 1361 836 1462 ingenium
863 1390 968 1447 tuum,

166 1483 331 1553 Omnibus
357 1492 474 1552 actricis
501 1484 653 1553 mdrbum
678 1505 713 1552 tu
741 1483 885 1553 incuties
910 1514 1063 1579 gravem,

165 1606 216 1673 Vt
240 1600 272 1668 u}
300 1603 414 1680 uidere
440 1598 626 1694 audireque
650 1598 789 1692 aegroti
814 1607 914 1674 slent.

63 1748 216 1839 Quorum
254 1755 364 1845 primo
400 1779 496 1817 versu
531 1769 567 1816 tu
607 1753 798 1843 recepimus
833 1778 873 1817 ex
908 1755 1150 1822 Ambrosiano:

64 1868 166 1936 altero
207 1889 315 1935 autem
350 1885 386 1933 tu
413 1892 465 1931 me
495 1868 645 1931 nultimet
669 1868 859 1959 scripsimus
883 1893 946 1960 pro
973 1886 1047 1969 tpte
1072 1873 1154 1937 milti

67 2007 138 2062 me,
163 1987 266 2076 quin,
303 1985 330 2048 si
358 2009 375 2048 e
404 1984 508 2047 tribus
532 1981 597 2048 illis
623 1984 902 2073 pronominibus,
939 1964 999 2059 tu',
1039 2005 1153 2053 meet

73 2101 165 2178 milti,
203 2126 302 2165 unum
331 2098 538 2166 efferendum
568 2119 617 2164 est
643 2101 793 2192 gravius,
835 2100 907 2193 ipsa
930 2105 1151 2194 oppositionis

71 2218 147 2282 ratio
174 2215 257 2281 illud
282 2214 375 2307 quod
402 2218 561 2279 suasimus
588 2216 721 2305 flagitat.
780 2216 900 2309 Neque
931 2219 1018 2282 enim
1046 2218 1150 2285 Calli-

61 2330 133 2424 cles
157 2336 317 2424 cogitatur
344 2331 397 2396 alii
418 2332 572 2422 cuiquam
599 2333 781 2423 oppositus,
810 2335 867 2424 qui
888 2331 978 2398 idem
1007 2352 1151 2413 censeat,

68 2446 126 2512 sed
155 2451 309 2540 opposita
337 2467 412 2513 sunt
438 2449 526 2512 sibi
550 2446 634 2511 nialc
662 2447 778 2512 dicere
803 2467 835 2513 et
861 2447 960 2513 aliis
986 2448 1070 2513 niele
1098 2449 1151 2514 di-

68 2584 150 2629 cere.
202 2565 311 2656 Saepe
346 2563 423 2628 illae
456 2564 692 2654 pronominum
719 2562 868 2644 formae,
903 2590 988 2655 quac
1022 2565 1056 2628 in
1082 2582 1150 2632 met

67 2696 209 2759 exeunt,
248 2678 339 2772 apud
376 2678 527 2743 Plautum
562 2675 616 2741 vel
656 2669 866 2750 oblitteratae
902 2696 996 2759 sunt,
1032 2677 1087 2746 vel
1114 2682 1148 2746 in

65 2813 178 2862 caussa
204 2796 325 2862 erroris
352 2795 494 2860 fuerunt.
547 2792 602 2859 Sic
639 2802 774 2883 egomet
807 2795 912 2861 forma
942 2794 1149 2864 restituenda

65 2901 252 2978 Trinummi
278 2911 320 2990 II,
351 2918 380 2992 1,
407 2916 449 2981 3;
702 2997 704 3001 ,

162 3039 308 3136 Egome't
334 3068 386 3108 me
413 3067 518 3136 coquo
542 3037 576 3107 e't
599 3065 734 3106 macero
761 3035 795 3107 e't
817 3034 985 3132 defetigo.

68 3163 133 3242 Vbi
157 3159 352 3244 Hermanno
380 3176 490 3241 fraudi
514 3176 575 3240 fuit
596 3173 724 3265 vulgata
747 3174 912 3265 scriptura
934 3190 1071 3264 egomet
1095 3198 1148 3240 me

72 3308 256 3387 cuneoque,
294 3293 388 3358 utin
416 3317 505 3357 suam
543 3289 725 3356 editionem
750 3290 919 3381 reciperet
944 3313 1008 3378 ego
1035 3306 1148 3356 meet

29 3410 39 3423 “
77 3425 255 3499 cuneoque:
290 3407 347 3472 illa
375 3426 484 3471 autem
517 3407 576 3470 etsi
600 3406 634 3468 in
660 3403 806 3469 editione
832 3405 987 3496 principe
1010 3421 1043 3470 et
1067 3406 1149 3502 Lip-

76 3519 165 3589 siensi
191 3522 308 3590 codice
335 3541 394 3601 est,
418 3541 527 3585 tamen
546 3543 636 3584 mero
665 3543 778 3584 errore
805 3517 932 3609 prodiit
950 3545 997 3584 ex
1014 3533 1149 3609 egomet

76 3658 120 3703 me
145 3661 336 3732 coqnnqnn,
375 3635 411 3700 id
439 3634 531 3727 quod
557 3636 591 3699 in
617 3637 801 3700 Decurta'to
827 3634 1072 3725 Vrsinianoque
1098 3632 1148 3698 le-
1236 3694 1239 3708 ,

72 3755 172 3848 gitur3
210 3770 345 3844 egomet
371 3776 423 3816 me
449 3775 554 3841 coquo
582 3751 643 3816 soli
682 3767 855 3815 servarunt
881 3750 982 3816 Vetus
1010 3766 1042 3815 et
1066 3748 1148 3813 Am-

69 3872 251 3947 brosianus.
313 3871 436 3935 Contra
462 3867 486 3947 Ι,
515 3872 554 3946 2,
585 3863 651 3934 147
680 3864 916 3957 reponendum
942 3888 983 3930 ex
1004 3865 1150 3938 Ambro-

58 3992 181 4057 siano:

86 4148 92 4179 ι
168 4120 246 4210 Ego
274 4113 324 4183 md
342 4120 476 4206 fecisse
504 4108 683 4205 co'ufitecr,
710 4103 961 4202 Megaro'm’des

54 4282 128 4361 pro
158 4254 291 4347 vulgato
320 4267 454 4342 egomet
471 4251 623 4335 sociem
661 4243 724 4311 sed
758 4242 855 4309 simul
887 4244 968 4309 haec
1000 4268 1074 4309 cum
1100 4266 1156 4309 su-

51 4371 262 4477 perioribus
283 4358 452 4434 nectendai
470 4367 517 4432 sic
541 4363 717 4431 correctis:
746 4360 859 4437 Haec,
884 4364 953 4429 sive
976 4374 1071 4428 recte
1095 4350 1155 4425 sed
1294 4364 1352 4640 ’.Ι
1383 4352 1389 4361 '

127 4474 131 4489 '
1263 4474 1280 4515 c
