2872 4942
160 339 235 410 588
510 362 539 408 x.
573 362 613 402 oe
642 362 774 404 ‹sentuo
799 359 900 402 extre

162 529 353 622 intelligas,
392 555 454 595 nec
481 531 552 594 siue
578 529 766 623 gravissima
792 525 1080 620 prosodiacerum
1107 531 1245 596 metrica-

160 672 303 738 rumque
329 647 503 727 rationum·
519 643 594 712 labe
616 646 750 711 criticus
773 644 908 709 ellinxit.
934 644 1005 727 Qui
1023 644 1127 738 quod
1144 671 1247 710 unum-

163 761 323 853 quodque
350 758 546 827 rocabulum
575 787 592 826 a
620 761 824 852 sepositum
850 759 993 826 affirmet
1016 761 1180 854 ipsorum
1204 786 1249 826 ex-

163 875 281 967 emplis
308 877 511 943 comicorum
538 874 675 942 delendi
701 899 814 968 posse:
843 873 1010 967 pervelim
1036 901 1123 943 sane
1150 902 1250 944 exem·

163 991 218 1084 pla
245 1009 378 1084 promat
403 1010 579 1082 correptae
605 991 738 1057 ultimae
770 989 919 1083 syllabae
951 991 1135 1084 applicavi
1163 994 1250 1070 vocis,

127 1139 130 1144 ·
165 1106 217 1173 vel
242 1111 369 1200 primae
394 1111 561 1198 reperisse
587 1106 753 1198 perfecti,
787 1103 841 1171 vel
867 1123 932 1170 tam
960 1105 1109 1174 dissecti
1136 1126 1169 1173 et
1190 1133 1252 1174 cae·

164 1249 240 1288 sura
267 1225 410 1291 carentis
432 1240 464 1288 et
484 1226 605 1288 misere
629 1224 782 1288 exeuntis
804 1245 930 1301 versus,
957 1221 1074 1314 qualis
1096 1222 1183 1290 alter
1199 1241 1252 1291 est:

166 1358 202 1404 ut
227 1337 310 1402 nihil
345 1363 434 1403 nuuc
468 1337 576 1404 dicam
610 1336 652 1402 de
687 1337 847 1402 sententia
882 1353 915 1402 et
945 1335 1096 1403 dicendi
1131 1362 1253 1430 genere.
1294 1404 1296 1433 1

165 1456 218 1516 An
245 1452 330 1517 sorte
366 1452 485 1518 Bothio
520 1470 615 1544 putas
649 1450 767 1517 melius
800 1477 870 1517 rem
906 1451 1078 1518 cessisse?
1138 1453 1255 1545 Accipe
1292 1454 1296 1509 i

164 1568 283 1658 igitur,
319 1571 345 1634 is
366 1594 439 1683 plna
475 1566 635 1634 modestia
668 1592 776 1660 quove
802 1564 911 1658 pulcri
937 1584 971 1632 et
998 1567 1073 1632 veri
1098 1594 1201 1636 sensu
1223 1570 1253 1633 in

164 1685 264 1749 rerba
286 1682 449 1749 librorum
474 1682 542 1747 fide
568 1681 702 1774 prodita
727 1697 889 1775 grassatus
915 1682 978 1750 sit:

179 1796 271 1884 (cn.)
294 1800 328 1866 T
323 1824 378 1862 utu
404 1792 551 1889 geddeo,
577 1796 671 1891 qttod
695 1797 778 1864 nailai
800 1792 1014 1863 co'mmodum
1039 1813 1115 1878 est,
1153 1822 1257 1890 quan

760 1907 857 1989 illald,
880 1909 972 2005 quod
996 1936 1021 1976 a
1041 1913 1111 1980 ted
1132 1909 1258 2007 capeto,
1294 1950 1296 1957 ·

291 2027 352 2100 Me
378 2026 553 2123 reperisse.
589 2034 623 2100 V
623 2048 636 2095 t
663 2029 782 2095 ciridus
809 2029 957 2095 antehoc
972 2023 1058 2114 suit
1088 2049 1172 2096 tatae
1188 2034 1256 2095 ani-

764 2170 849 2221 mus,
874 2140 1006 2237 quilque
1033 2170 1093 2210 me

293 2261 353 2329 Ad
377 2287 452 2326 curn
477 2261 661 2354 adplicari,
688 2256 837 2327 stddium
862 2259 989 2326 exinde
1017 2265 1105 2327 item
1122 2256 1202 2329 erit.
1224 2261 1257 2325 P.

761 2380 811 2446 Tu
838 2375 1102 2444 existime'verts

294 2493 342 2560 Id
367 2499 417 2559 ita
442 2490 536 2569 cisse,
563 2512 596 2560 et
613 2499 744 2583 sac-ere
766 2518 811 2559 ex
833 2489 885 2559 mei
910 2493 1157 2560 coniectura'm
1179 2496 1255 2560 licet.

170 2612 297 2678 Mirare
325 2635 448 2702 quaeso
475 2613 509 2675 in
536 2611 586 2676 his
613 2629 747 2703 praeter
773 2634 862 2676 raras
891 2607 1004 2676 hercle
1031 2612 1218 2677 sententias
1232 2627 1258 2673 ct

173 2727 436 2792 constructiones
465 2744 653 2819 correptam
671 2726 820 2793 ultimam
846 2728 881 2790 in
901 2725 1049 2817 gaudeo,
1080 2726 1257 2794 Plautinam

175 2842 315 2908 sormam
337 2841 404 2919 ted,
430 2861 625 2908 accentuum
642 2841 837 2934 elegantiam
859 2845 894 2907 iu
911 2835 1007 2916 illdd,
1034 2839 1171 2908 exinde
1188 2847 1256 2908 item

178 2953 265 3037 crit,
292 2975 369 3049 apte
399 2976 599 3050 exaequatos
624 2983 699 3023 cum
725 2984 877 3023 versuum
900 2956 1046 3024 modulis
1077 2961 1257 3025 enuntiato-

175 3099 247 3137 rum
281 3074 385 3147 liues‚
425 3073 571 3164 denique
605 3082 779 3140 venustum
807 3076 841 3139 in
868 3073 993 3139 media·
1015 3074 1254 3142 constructione

175 3189 216 3252 ab
243 3191 420 3254 octonariis
446 3188 487 3253 ad
515 3192 661 3255 senarios
693 3191 875 3256 transitum.
915 3189 1147 3280 Experiamur
1170 3189 1255 3281 igitur

176 3305 264 3394 ipsi,
297 3306 323 3368 si
354 3303 436 3394 quid
464 3305 753 3371 comminiscamur
778 3304 890 3397 aliquo
918 3302 1019 3370 modo
1048 3300 1253 3370 commenda-

176 3420 286 3483 bilius.
338 3420 387 3484 Ac
417 3417 483 3484 duo
500 3415 651 3485 'tenenda
678 3440 754 3487 sunt
779 3423 841 3499 ita,
869 3438 903 3485 ut
928 3421 969 3484 ab
997 3420 1037 3487 iis
1064 3435 1254 3512 tanquama

178 3534 396 3600 fundamento
431 3535 655 3624 proficiscare.
721 3538 868 3601 Primum
895 3537 982 3600 enim
1009 3552 1107 3600 extra
1137 3533 1253 3599 ‹lubia-

178 3653 302 3716 tionem
330 3650 474 3743 positum
498 3647 581 3715 illud
609 3669 673 3728 est,
713 3652 763 3744 agi
798 3652 880 3718 haec
906 3675 1024 3716 revera
1051 3650 1144 3714 inter
1168 3651 1252 3712 Pam-

178 3763 327 3856 philum,
361 3765 561 3843 Charinum,
596 3764 808 3832 Chremetem
835 3783 867 3831 et
893 3769 1040 3834 Davum:
1077 3766 1133 3857 agi
1159 3779 1252 3827 autem

177 3879 253 3958 hoc,
282 3899 316 3944 ut
342 3879 548 3970 al’aruphilo
568 3881 728 3947 Chremes
757 3900 924 3957 exoretur,
949 3880 1006 3972 qui
1032 3878 1250 3944 Philumenam

181 3994 280 4060 liliam
310 3997 467 4072 Charino,
494 3998 545 4060 eui
573 4023 644 4060 eain
671 3999 763 4088 prius
791 3997 983 4088 negaverit,
1009 4020 1103 4060 nnnc
1131 3989 1250 4059 tandem

182 4109 399 4202 despondeat.
458 4111 589 4176 Deinde
622 4115 802 4204 uuicuique
832 4131 965 4204 praeter
991 4112 1150 4178 Bothium
1176 4106 1249 4172 arbi·

181 4246 304 4292 tramur
328 4231 391 4293 hoe
419 4245 533 4316 patere
549 4279 557 4307 ‚
584 4255 679 4294 versu
709 4235 752 4297 l‘l
776 4249 892 4296 mutari
921 4253 1138 4293 numerorum
1161 4246 1250 4318 genus

181 4344 244 4421 ita,
279 4363 314 4410 ut
342 4343 527 4410 trochaicus
554 4349 757 4439 septenarios
787 4349 953 4439 excipiant
980 4347 1110 4411 senarii.
1165 4335 1249 4424 Quod
