2872 4942
392 322 418 364 rt
458 323 500 365 ns
528 325 644 368 mvrr
672 325 801 369 encrat
827 326 1020 371 auriumve.
1205 312 1248 381 31

119 526 124 559 s
190 509 272 563 nmen
296 497 459 590 sagaciter
488 501 717 591 excogitatum,
745 497 789 564 ob
825 498 988 564 irundine
1013 526 1078 593 pro
1105 528 1127 567 a
1142 506 1253 590 sren-

117 640 124 674 l
188 608 242 676 dice
263 613 310 698 *),
351 612 487 705 quando
524 632 558 681 et
582 613 767 681 inauditum
792 635 842 681 est
865 631 897 680 et
921 614 1122 683 incredibile
1146 621 1255 686 avium

119 754 122 791 t
187 750 270 816 genus
286 727 444 814 frendix
471 729 522 795 vel
544 729 709 816 fi’endex
733 732 885 810 nomine,
911 729 1009 796 valde
1037 750 1147 799 autem
1176 758 1258 801 con·-

117 869 121 904 ι
180 865 281 932 grum
305 845 340 909 in
366 828 585 911 birundinum
612 869 730 913 vocem
753 849 947 932 fritinnire
971 846 1120 913 verbum.
1148 847 1263 943 ldigi-

179 954 318 1033 trr·,cum
345 957 445 1024 etiam
460 958 625 1027 Muellero
650 959 814 1051 placeret,
841 985 960 1053 parum
974 978 1088 1029 tamen
1105 961 1162 1029 ille
1174 988 1258 1057 pru-

175 1073 284 1141 deo'ter
309 1074 501 1183 hirundinis
527 1077 733 1141 mentionem
758 1076 888 1168 putavit
909 1100 986 1143 cum
1008 1077 1083 1168 ipso
1092 1077 1257 1144 versiculo

171 1208 312 1257 asemet
338 1140 546 1258 cotilormato
572 1212 673 1281 posse
696 1189 884 1258 conciliari:
911 1215 929 1256 e
945 1191 1086 1277 frande
1102 1195 1258 1278 fritinnt'

165 1298 326 1382 saeviter,
350 1331 437 1398 quae
462 1304 567 1373 violuit
591 1305 719 1372 initium
749 1330 821 1373 esse
847 1307 983 1373 senarii.
1036 1308 1101 1390 Qui
1137 1309 1165 1372 si
1202 1331 1259 1373 re-

163 1411 250 1487 [ἤι’
268 1436 422 1486 naturam
457 1420 624 1512 cognitam
658 1421 845 1500 habuisset,
883 1416 1084 1488 hiriindines
1119 1419 1259 1514 quidem

162 1537 314 1603 scivisset
340 1560 358 1601 e
384 1534 506 1601 fronde
534 1559 705 1627 nunquam
731 1554 863 1602 cantum
881 1533 994 1621 ,edere
1020 1560 1085 1603 nec
1110 1561 1258 1629 unquam

160 1651 339 1719 arboribus
363 1649 522 1720 insidere.
547 1652 724 1717 Praeterea
753 1652 839 1750 seire
858 1651 968 1741 cupio,
996 1677 1097 1744 quam
1122 1651 1259 1718 tandem
1296 1683 1302 1693 ¹

160 1763 352 1833 Muellerus
374 1767 440 1832 vim
456 1768 611 1852 fritinni
635 1765 896 1856 imperativi
923 1790 994 1831 esse
1010 1765 1161 1832 voluerit.
1184 1766 1260 1832 Nec

160 1879 204 1947 ad
229 1882 304 1974 ipsa
330 1882 466 1974 vestigia
493 1878 648 1949 codicum
680 1898 745 1945 tam
772 1880 829 1946 ille
853 1904 964 1972 prope
992 1884 1133 1948 accessit
1158 1905 1260 1975 quam

161 1995 267 2063 licere
294 1998 506 2067 arbitramur.
559 1995 717 2060 Omnium
750 2000 861 2061 autem
893 1997 1031 2063 minime
1057 1996 1193 2089 placere
1218 1992 1261 2060 il-

160 2110 225 2179 lul
256 2129 390 2203 potest,
424 2111 514 2204 quod
552 2113 628 2177 satis
661 2112 745 2176 miro
781 2110 920 2177 artificio
953 2112 1004 2177 M.
1042 2107 1168 2178 Accius
1205 2107 1260 2176 vel

160 2224 322 2298 Maccius
347 2229 500 2306 nomine,
528 2223 623 2318 quod
646 2226 799 2317 sequitur
824 2226 859 2289 in
887 2223 1077 2304 codicibus,
1108 2227 1151 2291 ita
1178 2224 1259 2289 ubu-

164 2367 219 2409 sns
255 2359 326 2424 est,
365 2361 401 2408 ut
432 2339 528 2410 Mati
562 2337 699 2434 quidem
733 2357 881 2406 servaret
919 2337 1074 2423 (Matium
1100 2339 1167 2405 dici
1193 2338 1261 2404 Mi-

162 2458 390 2524 miamborum
416 2457 615 2547 scriptorem
641 2474 675 2522 et
700 2453 813 2518 Iliadis
835 2448 1109 2542 interpretem**)
1129 2466 1262 2543 putans,

167 2575 263 2640 euius
299 2571 498 2637 testimoniis
536 2571 641 2637 Varro
676 2566 790 2661 paullo
822 2585 896 2631 ante
925 2589 999 2631 usus
1024 2564 1044 2649 S
1070 2562 1129 2632 95.
1154 2563 1202 2639 96
1226 2591 1262 2658 p.

169 2690 243 2755 371
274 2684 420 2778 aq.Sp.),
447 2684 550 2751 solam
578 2702 688 2751 autem
706 2709 744 2747 us
768 2679 930 2773 syllabam
955 2676 1108 2745 relictam
1136 2677 1265 2747 esse'ex

166 2803 253 2894 ipsis
280 2800 375 2867 Mutii
397 2800 528 2880 verbis,
562 2800 737 2865 maximam
764 2812 893 2889 partem
919 2794 998 2860 hinc
1023 2791 1162 2885 elapsis,
1199 2792 1265 2858 sibi

167 2912 405 3009 persuaderet.
457 2914 562 2983 Immo
586 2932 643 2980 aut
665 2912 880 2979 vehementer
906 2905 1006 2975 fallor
1032 2910 1147 2973 autin
1173 2932 1266 2975 mae·

167 3035 240 3096 cius
266 3029 321 3095 vel
346 3033 489 3095 martius
514 3028 631 3096 litteris
658 3029 730 3118 ipse
757 3026 863 3091 esitus
887 3022 1046 3089 versiculi
1071 3049 1089 3088 a
1110 3025 1263 3090 Varrone

166 3144 293 3239 prolati
320 3142 532 3237 quaerendus
557 3163 619 3211 est:
655 3146 692 3208 in
727 3141 857 3208 Casina
890 3138 978 3204 enim
1018 3156 1052 3203 ct
1078 3161 1164 3230 quae
1191 3153 1267 3202 sunt

168 3259 292 3327 similia
316 3256 411 3325 nullo
437 3259 620 3350 praemisso
652 3274 775 3351 poetae
808 3255 943 3322 nomine
970 3252 1084 3344 dicere
1106 3250 1267 3344 perfami-

143 3373 254 3441 liare
280 3373 437 3440 Varroni.
465 3371 580 3456 Quid?
608 3371 702 3466 quod
728 3353 920 3450 idem,i1ec
946 3366 982 3432 id
1008 3365 1162 3458 profecto
1179 3387 1268 3446 raro,

173 3485 407 3581 exemplorum
434 3514 452 3553 u
476 3506 585 3555 semet
611 3483 1025 3580 expromptorumfoutes
1054 3505 1193 3574 prorsus
1220 3499 1268 3547 ta-

174 3604 248 3671 cuit.
289 3599 392 3685 Quod
418 3600 498 3669 dum
524 3602 592 3669 huc
618 3597 848 3680 accommodo,
874 3599 1021 3691 primum
1046 3621 1161 3662 sanare
1179 3593 1269 3660 mul·

177 3718 315 3782 tileriam
342 3734 501 3808 corrupta
526 3715 590 3783 hnc
617 3715 670 3781 via
695 3713 925 3779 instituebam:
963 3710 1022 3778 Sic
1045 3725 1080 3776 et
1103 3706 1147 3787 ab
1170 3711 1267 3795 irun-

183 3829 473 3919 dinesfrende
497 3823 781 3916 e'tfritinni:
806 3822 1005 3893 srdviter
1035 3818 1138 3917 [pol]
1164 3819 1270 3891 ma'c-

117 3987 121 4026 p
329 3974 360 3985 Ι.
417 3931 420 3937 ,
820 3914 830 3935 ς
1028 3960 1031 3965 .

217 4057 238 4125 'l
263 4054 389 4120 lumbi,
416 4071 470 4108 nou
502 4054 630 4122 scaligeri
657 4055 790 4110 inventum
817 4066 878 4105 esse
897 4054 996 4104 monuit
1015 4052 1179 4120 Spengelim.
1216 4053 1273 4122 Ego

282 4140 431 4209 exemplum
447 4143 611 4210 Bipoctiuum
631 4148 672 4209 (p.
691 4140 757 4209 244)
774 4147 880 4193 secutus
899 4155 964 4192 sum.

117 4236 131 4280 p
226 4238 260 4301 “)
281 4236 320 4289 lla
339 4251 392 4304 quo
409 4248 494 4304 nuper
515 4237 592 4287 etium
611 4234 738 4287 Pideritua
760 4236 815 4302 egit
835 4248 926 4287 cunm.
957 4233 991 4284 de
1010 4232 1171 4299 Apollodoro
1203 4235 1278 4303 Psrss.

287 4331 311 4374 et
326 4323 425 4401 Theod²
447 4323 509 4374 Gal.
530 4338 555 4388 p.
574 4323 609 4376 23
629 4337 685 4389 sqq.
