2872 4942
391 350 412 389 tt
442 348 485 391 nc
512 348 631 419 ηιντι
661 340 789 390 nosrta
819 306 1007 389 consituros
1209 308 1252 387 i

166 522 202 607 ip
219 521 407 588 Heidelber
431 512 499 586 ensi
537 520 655 601 codice
687 537 844 612 quattuor
877 514 1064 584 tabularum
1093 516 1256 609 scriptum

168 664 243 705 csse
262 639 358 709 tectis
382 548 481 705 uiuis
507 637 665 702 Baehrius
693 637 821 702 extitit:
862 634 1015 726 Eopiicit
1038 628 1258 724 captivi-due

167 751 322 818 comedia
348 768 475 846 quarta
499 744 622 820 Plauti
643 747 803 840 Astyrici
821 767 922 842 poete
947 749 1137 829 clarissimi.

582 1020 835 1034 v--an-——u-
878 1016 884 1025 ¹

433 1256 992 1393 ‚curvulnn,

666 1519 760 1605 su

184 1737 187 1741 ,
263 1664 355 1733 Auni
382 1676 468 1744 sitiat,
493 1691 566 1733 cum
594 1669 629 1733 in
656 1667 743 1736 libro
767 1661 1022 1756 παλιμιὶνήστῳ1
1038 1667 1262 1731 Ambrosiam

166 1779 336 1856 Plautinos
373 1779 501 1848 subulas
533 1783 604 1849 ¹non
641 1786 689 1850 M.
719 1784 804 1851 Acci
830 1783 953 1862 Plauti,
987 1780 1049 1848 sed
1075 1783 1116 1851 Τ.
1143 1780 1257 1846 Μιοοι

167 1898 291 1963 Purra
320 1896 496 1990 inscriptas
522 1900 672 1990 repperi.
726 1897 1038 1966 Commemorabam
1072 1896 1197 1962 hocin
1223 1918 1262 1959 ea

168 2014 465 2119 commentatione,
504 2040 603 2105 quam
635 2014 679 2081 de
706 2013 895 2082 didascaliis
918 2011 1076 2079 Plautinis
1102 2012 1263 2101 scriptam

165 2128 274 2193 Musei
315 2125 512 2218 philologici
549 2131 659 2220 primo
690 2129 847 2197 fasciculo
889 2128 1034 2206 inserui,
1068 2152 1102 2217 p.
1129 2124 1173 2193 61
1210 2148 1261 2214 sq.

166 2240 271 2326 (Dios
291 2239 383 2326 tV):
419 2232 721 2312 commemorabam
760 2263 917 2355 tanquam
943 2243 1064 2308 mirum
1089 2257 1124 2305 ct
1147 2239 1262 2329 siugu-

166 2356 256 2438 late,
292 2377 329 2425 ut
363 2360 398 2424 in
429 2375 516 2427 tantu
541 2379 581 2426 et
598 2361 793 2453 antiquitate
821 2378 853 2426 et
874 2344 1022 2424 bonitate
1049 2351 1263 2421 Ambiosiani

167 2472 316 2553 codicia,
351 2474 433 2552 nihil
469 2493 579 2541 tumen
617 2475 702 2542 ultra
734 2476 929 2566 suspicatus.
981 2473 1045 2555 Qui
1073 2471 1163 2537 enim
1190 2469 1262 2539 eius

168 2606 302 2679 poetae,
325 2589 418 2655 cuius
445 2590 606 2657 memorio
629 2591 671 2654 ab
697 2591 779 2682 ipsis
804 2589 974 2656 veteribus
999 2587 1213 2678 frequentata
1228 2581 1265 2645 in

171 2699 351 2771 clarissima
376 2702 452 2771 luce
478 2705 586 2796 posita
614 2723 721 2785 esset,
756 2730 793 2770 ea
818 2704 953 2770 nomina
978 2702 1013 2767 in
1040 2701 1266 2791 suspicionem

170 2815 396 2899 adducerem,
429 2847 516 2912 quae
548 2819 630 2909 iude
664 2847 682 2886 a
712 2822 836 2886 renatis
872 2819 993 2886 litteris
1018 2842 1084 2909 per
1109 2830 1266 2908 quattuor

168 2933 278 3001 ferme
304 2934 437 3001 saecula
464 2935 735 3004 doctissimorum
768 2937 943 3003 hominum
978 2950 1011 3000 et
1037 2930 1205 2999 mentibus
1233 2943 1267 2995 et

167 3045 265 3113 libn's
292 3048 378 3117 adeo
401 3051 631 3131 inhaesissent,
655 3069 756 3117 utne
783 3053 903 3117 umbra
928 3048 1068 3143 quidem
1084 3044 1267 3113 dubitatio-

168 3163 223 3233 nis
246 3189 398 3257 unquam
425 3166 637 3234 oboriretur?
663 3167 778 3259 Itaque
806 3167 962 3259 cogitatio
988 3165 1096 3232 omnis
1122 3162 1192 3228 eius
1213 3157 1266 3223 rei
1347 3219 1349 3227 .

170 3281 343 3347 exanimo
365 3279 482 3373 elapsa
512 3299 599 3361 emt,
636 3307 712 3347 cum
750 3281 913 3348 consulito
948 3283 1103 3348 comitate
1135 3277 1177 3345 ad
1202 3302 1265 3345 troo

168 3397 363 3463 transmissa
386 3396 579 3463 Godolredi
605 3398 788 3463 Hermauni
817 3397 862 3462 de
892 3399 932 3469 L.
954 3394 1047 3464 Attii
1069 3393 1268 3463 Didascali-

169 3506 253 3589 οιιὶὶ,ι
263 3509 361 3578 libro
383 3509 617 3579 dissertatione
639 3511 729 3578 illius
751 3511 976 3606 redintegrata
992 3512 1182 3578 recordatio
1205 3527 1264 3579 eet.

170 3628 264 3710 Quos
289 3625 396 3693 libros
421 3627 633 3694 Hermannus
657 3652 725 3696 non
753 3626 853 3695 luisse
878 3653 979 3720 prosa
1005 3630 1183 3707 oratioue,-
1203 3623 1266 3691 sed

168 3744 322 3809 versibus
348 3746 559 3836 conscriptos
584 3745 673 3811 visus
697 3763 749 3812 est
773 3765 840 3812 tam
860 3744 1034 3838 praeclare
1065 3741 1265 3818 ostendisse,

168 3874 203 3925 ut
228 3858 333 3925 nobie
359 3855 498 3949 quidem
523 3883 662 3951 prorsus
688 3858 921 3952 persuaderet.
963 3860 1042 3925 Eius
1070 3874 1178 3923 autem
1196 3858 1264 3922 vim

169 3976 319 4054 inventi,
357 3973 446 4040 haud
474 3973 577 4042 dubie
603 3978 779 4070 perexigui
801 3976 981 4043 multorum
1007 3976 1170 4068 opinione
1207 3976 1267 4067 qui

172 4091 272 4159 hodie
299 4114 373 4156 sese
399 4115 519 4182 sapere
545 4091 698 4174 student,
732 4093 928 4162 cumlatius
954 4107 1073 4186 putere
1102 4107 1136 4158 ot
1159 4089 1270 4185 pluri-

172 4261 474 4281 *qaut-tunt·-

203 4344 229 4407 ·)
248 4338 352 4392 Editum
369 4354 397 4395 a.
417 4353 645 4394 crstoooomxtt.
