2872 4942
159 320 208 391 56
503 347 536 387 ιι.
563 346 606 387 nu
632 341 761 387 tertre
787 343 920 389 reteri.

160 542 248 584 mam
274 517 420 583 fabulam
447 517 572 598 docuit,
597 520 728 586 Livium
754 538 1013 586 consentaneum
1039 539 1090 589 cst
1112 522 1245 609 quadra-

155 634 253 726 'ginta
279 657 382 700 anuos
409 652 522 700 natum
547 633 692 700 eredere
721 633 767 719 (h.
795 660 824 699 c.
855 635 944 706 eirca
969 662 997 700 a.
1022 632 1099 704 514
1119 637 1246 724 neten),

164 749 276 814 minor
298 747 468 840 aliquanto
494 747 552 814 ille
579 747 722 840 prodeat
756 774 856 840 quam
880 748 1013 815 Plautus
1031 768 1075 817 aet
1099 752 1246 821 Naevius:

165 865 260 955 atqui
293 864 329 927 hi
360 864 487 930 eisdem
523 862 716 930 consulibus
755 862 873 929 multus
902 864 1028 932 subulas
1056 865 1247 935 docuerant:

167 1004 334 1073 ergeuen
360 996 471 1071 potest
495 977 561 1044 illis
588 978 724 1044 demum
751 978 942 1045 consulibus
968 981 1077 1072 prima
1102 980 1189 1065 Livii
1212 981 1249 1049 ia-

165 1095 246 1164 bula
273 1093 347 1160 data
374 1119 453 1161 esse.
507 1096 613 1176 Quam
648 1096 754 1187 ipsam
790 1094 1042 1162 conclusionem
1069 1098 1099 1163 si
1123 1102 1249 1165 accura-
1292 1180 1294 1193 Ι

168 1213 250 1291 tius,
284 1209 390 1303 qualis
425 1209 562 1276 taudem
589 1212 648 1289 sit,
675 1209 917 1302 perpenderis,
951 1234 1085 1277 rursum
1110 1215 1250 1304 reperies
1292 1196 1294 1203 Ι

166 1344 283 1418 suapte
309 1342 425 1391 natura
447 1326 652 1417 bipertitam.
703 1325 781 1392 Duo
809 1326 898 1389 enim
932 1342 1025 1407 sunt,
1062 1320 1250 1417 quae'inter
1292 1340 1294 1347 '

167 1458 202 1509 se
228 1440 360 1508 diversa
385 1441 420 1503 in
446 1465 548 1504 unum
573 1441 692 1506 Cicero
719 1436 971 1531 conglutinavit:
1012 1439 1151 1532 quando
1183 1444 1251 1509 sim-

168 1555 250 1650 plex
277 1557 520 1622 contrariorum
544 1555 711 1645 oppositio
738 1572 794 1619 aut
818 1553 900 1621 haec
927 1570 991 1633 est,
1031 1571 1069 1621 ut
1097 1555 1158 1648 qui
1193 1558 1254 1649 pri·

167 1670 240 1737 mus
266 1669 412 1736 fabulam
439 1668 609 1746 docuerit,
643 1666 811 1759 aliquanto
838 1669 947 1734 minor
973 1668 1090 1735 existat
1111 1669 1179 1751 iis,
1204 1670 1253 1762 qui

167 1809 238 1853 non
264 1785 389 1849 suerint
415 1784 450 1847 iu
476 1807 515 1849 eo
542 1782 802 1874 genereprimi,
827 1798 884 1847 aut
907 1781 1002 1863 hacc,
1028 1799 1064 1848 ut
1084 1804 1155 1874 quo
1176 1806 1253 1849 anno

168 1900 313 1991 primam
340 1895 484 1962 fabulam
509 1895 565 1960 ille
592 1895 754 1974 docuerit,
782 1911 858 1961 ante
888 1920 965 1961 eum
994 1920 1118 1961 annum
1144 1896 1255 1963 horum

170 2012 308 2104 quidem
343 2009 466 2076 multae
497 2011 563 2074 iam
597 2009 728 2076 fabulae
765 2006 860 2103 elgae
886 2010 968 2074 sint:
1003 2032 1152 2100 quorum
1184 2032 1254 2075 sanc

170 2145 326 2194 neutrum
352 2141 412 2205 cst,
441 2123 535 2217 quod
561 2149 629 2190 non
654 2124 697 2189 sit
721 2116 911 2191 absordum.
942 2121 1255 2215 Explicavimunu·

169 2258 238 2307 tem
260 2239 436 2305 Tullianae
476 2239 736 2305 ratiocinationis
775 2234 938 2304 occultius
969 2261 1111 2303 acumen
1136 2237 1200 2320 ita,
1224 2252 1255 2301 ut

170 2379 431 2448 occuparemus,
460 2355 532 2420 sine
560 2379 625 2445 qua
650 2350 709 2417 illa
735 2376 779 2418 ne
804 2350 947 2444 intelligi
974 2348 1115 2443 quidem
1140 2348 1255 2445 potest,

167 2475 207 2536 si
233 2468 450 2562 particulam,
492 2493 568 2534 cum
601 2465 699 2560 vulgo
726 2468 774 2535 sic
796 2465 856 2532 illa
881 2465 1052 2558 legantur:
1090 2470 1160 2533 cai'
1180 2466 1254 2533 em

169 2585 321 2676 aequitalis
335 2587 455 2670 feerit
481 2585 606 2649 Livius.
658 2581 844 2648 Obscurius
871 2579 997 2646 dictum
1023 2580 1171 2649 fatentur
1192 2576 1255 2649 oia-

168 2721 252 2763 nes:
279 2692 425 2762 latentur
449 2692 730 2787 percommodum
757 2698 790 2759 si
816 2719 887 2760 esse
918 2721 937 2759 a
962 2691 1179 2762 Schneidero
1200 2688 1256 2761 ¹St·

170 2811 256 2873 xo'uc
281 2806 498 2900 propositum
520 2835 558 2874 ae
581 2811 676 2899 prius
700 2827 875 2900 receptum
908 2834 926 2874 a
952 2809 1120 2888 Manutio,
1164 2820 1256 2901 prec-

169 2939 262 2987 terea
290 2941 398 2988 autem
433 2924 469 2986 in
499 2925 574 3014 ipsa
607 2921 754 2988 editione
777 2924 934 3014 principe
962 2940 1164 3014 repertum:
1195 2946 1257 2989 non

169 3033 297 3101 audent
331 3037 558 3103 coniecturam
593 3034 749 3126 amplecti
774 3032 827 3120 *),
869 3036 961 3102 euius
992 3033 1085 3100 nulla
1116 3062 1137 3101 a
1171 3034 1257 3105 tibris

168 3173 246 3214 mss.
279 3147 373 3215 fides.
424 3150 515 3240 Ergo
552 3148 658 3215 fidem
691 3149 789 3216 faeiat
820 3151 1194 3243 Lagomarsinianorum
1212 3146 1258 3233 ”l

171 3263 363 3342 auctoritas,
397 3288 540 3354 quorum
575 3288 695 3329 novem
731 3288 795 3355 pro
832 3269 888 3329 cui
912 3289 986 3329 eum
1010 3263 1140 3330 habent
1163 3261 1259 3356 quod,

169 3386 255 3443 tinus
280 3381 343 3455 cui,
371 3395 527 3467 quattuor
550 3396 669 3457 autem,
694 3379 752 3469 qui
777 3395 934 3444 notantur
957 3378 1014 3446 93.
1031 3376 1088 3445 98.
1105 3374 1167 3449 99.
1183 3380 1257 3456 101,

168 3492 281 3583 ipsum
311 3488 404 3582 quod
436 3470 623 3582 expetimus
662 3497 728 3557 eui
756 3497 812 3557 si:
852 3511 1029 3585 praeterea
1063 3488 1134 3559 duo
1160 3491 1257 3559 verba

168 3603 228 3671 illa
252 3607 364 3672 omnia
390 3609 446 3670 cui
470 3653 480 3671 .
582 3655 590 3670 .
616 3654 623 3670 .
650 3609 944 3676 Liviosomittunt.
978 3606 1080 3672 Recte
1100 3600 1260 3671 Ellendtii

167 3720 346 3798 rationem,
374 3721 427 3793 eui
453 3719 721 3801 subaudiendum
746 3719 924 3785 videbatur
949 3744 995 3785 ex
1014 3716 1108 3785 Attii
1126 3734 1261 3795 senna·

168 3838 233 3907 tia,
259 3820 454 3925 reprobavit
477 3833 640 3901 Orellius:
668 3833 848 3900 sedidem
875 3859 949 3899 eum
976 3859 1069 3899 suam
1096 3842 1188 3925 quain
1212 3816 1261 3896 tim

171 3948 368 4040 scripturam
395 3949 482 4014 hanc
509 3947 735 4028 commendat,
762 3952 817 4013 eui
831 3947 984 4040 aequalis
998 3952 1030 4013 si
1041 3949 1121 4032 suit
1139 3948 1262 4023 Livias,

330 4085 470 4096 ..ι-...-

231 4133 262 4197 ⁴)
281 4133 351 4185 iusta
370 4134 526 4186 confidentia
546 4133 617 4185 solus
635 4148 712 4184 ausus
732 4141 771 4184 cst
789 4133 918 4198 iileyerus.

217 4218 261 4289 *ἢ
282 4219 395 4282 Quorum
413 4221 554 4288 scripturas
572 4219 719 4271 amicissimi
743 4218 848 4271 Aemilii
872 4217 1131 4289 Brauniibcociicio
1145 4224 1265 4288 acceptas

279 4305 374 4357 refero.
