2872 4942
403 346 651 415 nosrntninnn
682 349 872 395 niivrmto.
1104 323 1174 403 481

192 519 239 589 23
290 517 411 589 Merno'
437 547 481 587 ne
505 524 657 588 technae·
676 521 770 589 meari
783 540 948 617 perpetuo
972 520 1150 616 pe'rierint.

191 632 239 703 24
290 659 350 709 ΤΗ.
377 637 471 729 Quid
495 632 567 703 tn'te
590 641 720 706 ternio?
777 663 831 708 Tri.
868 636 956 706 niltil
987 647 1085 707 enim.
1119 640 1182 708 sed

683 748 859 847 dic-milri,
1017 778 1067 861 9352:
1157 804 1162 811 -

195 869 242 937 25
293 861 450 934 Diristin
475 871 622 962 quaeso?
670 890 731 938 ΤΗ.
758 865 844 950 dixi,
870 876 1029 965 inquam,
1055 873 1178 940 ordine

688 1011 812 1052 omnia.
1087 1034 1093 1051 .
1145 1008 1162 1051 t

149 1096 179 1164 9.
193 1095 240 1166 26
291 1119 344 1167 rto
379 1098 496 1167 Etia'm
515 1134 517 1139 ·
520 1103 664 1188 fatetur
700 1101 744 1167 de
781 1098 960 1195 hospitoff·
982 1123 1043 1172 ΤΗ.
1077 1108 1177 1170 immo

681 1212 863 1308 pe'rnegat.

195 1334 239 1399 27
290 1355 343 1401 rit.
369 1327 513 1423 Negclt?
565 1329 640 1419 [ΤΗ.
668 1350 775 1424 negat
801 1339 948 1426 inquam.
999 1356 1053 1405 rit.
1077 1330 1178 1427 pririi,

480 1420 532 1525 -fl
689 1447 776 1537 rem]
805 1474 905 1544 quom
930 1446 1054 1541 co'gito.

193 1563 240 1632 28
295 1559 391 1650 [Non
417 1560 638 1655 confitetnri]
691 1584 753 1637 ΤΗ.
782 1560 921 1642 dicam,
945 1571 977 1633 si
1001 1562 1179 1654 conscissus

685 1685 740 1746 sit.
841 1722 878 1803 ι

192 1795 238 1865 29
293 1793 386 1885 Quid
424 1786 517 1862 ritino
547 1786 754 1893 ffloiuodnm
795 1789 932 1863 ce'nses?
988 1819 1040 1867 Tit.
1084 1823 1175 1890 egon

533 1890 626 1977 'ir-*ff
686 1911 769 2006 qnid
793 1907 971 1978 coruscam?

145 2025 176 2092 0.
190 2025 238 2092 30
292 2023 410 2117 Cape,
436 2019 575 2092 o'bsecro
602 2027 715 2094 hercle
742 2045 801 2103 te,
827 2021 897 2092 n'na
925 2054 998 2093 oum
1024 2050 1063 2093 eo
1090 2021 1178 2111 iiidi-

689 2168 769 2210 cem·

143 2261 170 2321 1.
189 2254 231 2321 31
287 2252 360 2320 Sed
383 2248 458 2321 en'm
485 2253 596 2359 videto
621 2274 658 2324 nt
684 2256 812 2351 ccipias,
836 2261 895 2349 qni
916 2254 1037 2347 credat
1064 2259 1154 2325 milri.

143 2374 173 2438 2.
192 2374 240 2440 32
291 2373 326 2439 Τ
320 2396 375 2436 am
383 2371 500 2458 fa'cz'le
518 2378 641 2454 vinces,
668 2373 769 2462 qua'm
780 2379 891 2466 pirum
907 2366 1018 2465 volpe's
1042 2391 1176 2441 comest.

165 2487 210 2556 18
236 2487 360 2553 inserui
386 2492 434 2567 ei,
469 2488 563 2580 quod
590 2514 777 2582 pronomen
811 2491 864 2555 vix
900 2487 1018 2554 credas
1046 2491 1174 2581 quoties

143 2600 329 2694 prudenter
350 2604 506 2669 omissum
532 2607 589 2671 sit:
631 2605 688 2671 hei
711 2623 822 2672 autem
849 2629 925 2671 non·
948 2607 1083 2696 suscepi
1118 2629 1175 2671 co-

143 2719 177 2783 :is
205 2720 295 2811 Lips.
323 2719 548 2813 editionisque
575 2723 681 2812 princ.
707 2703 912 2798 noctoritato,
937 2719 999 2786 sed
1025 2722 1065 2785 ab
1085 2720 1173 2787 Italis

146 2835 229 2912 ticio,
255 2861 273 2899 a
299 2837 419 2926 quibus
446 2836 567 2903 horum
587 2835 751 2930 librorum
767 2838 919 2904 recensio
945 2835 1097 2928 prosecta
1116 2854 1173 2916 est,

143 2967 184 3015 rte
222 2949 376 3018 effectum
414 2953 558 3019 arbitror
584 2978 602 3018 e
628 2955 802 3023 Deourtati
835 2953 1000 3044 scriptura
1026 2970 1060 3017 et
1087 2955 1117 3018 h.
1145 2978 1173 3018 e.

144 3066 272 3153 omissa,
288 3065 330 3133 de
358 3071 520 3135 constanti
546 3093 639 3136 more
667 3071 878 3162 aspiratione.
919 3070 957 3139 V
953 3093 971 3132 e
995 3069 1030 3133 in
1050 3070 1173 3135 Vetere

143 3199 266 3247 ›ertum
292 3209 309 3248 e
334 3203 526 3250 correctura
548 3185 715 3251 secundae
743 3211 856 3251 manus
880 3186 1030 3265 manavit3
1057 3210 1130 3293 cun]
1155 3213 1174 3250 a

146 3323 199 3362 mn
225 3317 311 3364 esset
337 3315 398 3364 vet.
464 3301 502 3365 V.
530 3298 576 3368 24
610 3325 671 3392 pro
705 3317 777 3366 trite
804 3299 882 3365 libri
906 3325 980 3366 mss.
1016 3317 1052 3364 tn
1080 3302 1172 3366 exhi-

143 3430 179 3490 tt,
206 3413 292 3480 v.‘t5
317 3413 432 3478 dixtin
460 3433 493 3480 et
518 3414 607 3481 dirit
633 3421 670 3480 in
693 3441 755 3508 pro
781 3441 821 3482 eo
849 3414 941 3507 quod
967 3417 1084 3482 Bothio
1109 3415 1170 3481 de-

143 3552 197 3592 nr.
250 3528 317 3594 Sed
345 3532 596 3621 perversissime
618 3532 711 3598 idern
733 3532 925 3610 vv.‘27.‘28‚
954 3533 1109 3623 quoniam
1135 3534 1170 3595 in

143 3642 187 3709 ld.
213 3662 245 3709 et
270 3664 345 3712 vett.
366 3646 443 3711 edd.
475 3673 536 3712 una
565 3650 778 3715 continuitate
807 3650 968 3739 scriptum
992 3666 1077 3714 esset
1100 3649 1171 3714 Ne.-

143 3776 161 3830 t,
183 3785 258 3826 cnm
291 3768 408 3852 cogita
441 3762 507 3849 (vel
534 3763 663 3854 cogito)
695 3764 808 3830 dicam
839 3769 871 3828 si
902 3765 1080 3848 confessus
1111 3767 1167 3842 sit,

143 3901 171 3942 rc
196 3878 455 3970 conglutinanda
477 3881 512 3943 in
538 3883 633 3945 unius
660 3906 774 3946 versus
802 3880 960 3944 ambitum
985 3879 1128 3969 putavit:

217 4016 270 4062 ΤΗ.
304 3995 444 4084 Negat?
501 4015 561 4062 ΤΗ.
586 4018 688 4086 quam
712 3991 864 4084 rogitas!
889 3992 1001 4057 dicam
1027 3996 1060 4077 si
1085 4016 1168 4057 con.

673 4114 796 4198 fessus
820 4117 872 4174 sit.

143 4249 151 4290 r
178 4221 265 4289 illud
291 4225 443 4317 cogitavit
468 4227 620 4323 Bothius3
648 4230 763 4319 niagno
791 4226 1016 4331 concinnitnte
1035 4223 1085 4287 ’ab
1104 4222 1167 4287 ini·

153 4340 315 4430 cuiusque
350 4365 463 4407 versuo
495 4342 715 4434 interrogari,
750 4338 955 4432 responderi
992 4341 1028 4403 in
1060 4337 1163 4403 altero

734 4440 973 4523 '31
